{ "raceData": [{"event":{"raceTrackId":"embedded","timeStamp":1447340254134,"a":[0,0,0],"g":[0,0,5],"m":[0,0,0],"t":0},"acceleration":0.0,"velocity":0.0,"positionAbsolute":0.0,"positionRelative":0.0,"actorDescription":"TrackLearner power: 50, minStraightDuration: 180, minTurnDuration: 250","power":51,"trackSectionId":0,"tEvent":1447340254134,"tReceived":1447340254135,"tAfterCalculation":1447340254184}
,{"event":{"raceTrackId":"embedded","timeStamp":1447340254182,"a":[0,0,0],"g":[0,0,6],"m":[0,0,0],"t":0},"acceleration":0.0,"velocity":0.0,"positionAbsolute":0.0,"positionRelative":0.0,"actorDescription":"TrackLearner power: 50, minStraightDuration: 180, minTurnDuration: 250","power":52,"trackSectionId":0,"tEvent":1447340254182,"tReceived":1447340254184,"tAfterCalculation":1447340254184}
,{"event":{"raceTrackId":"embedded","timeStamp":1447340254232,"a":[0,0,0],"g":[0,0,3],"m":[0,0,0],"t":0},"acceleration":0.0,"velocity":0.0,"positionAbsolute":0.0,"positionRelative":0.0,"actorDescription":"TrackLearner power: 50, minStraightDuration: 180, minTurnDuration: 250","power":53,"trackSectionId":0,"tEvent":1447340254232,"tReceived":1447340254233,"tAfterCalculation":1447340254233}
,{"event":{"raceTrackId":"embedded","timeStamp":1447340254271,"a":[0,0,0],"g":[0,0,4],"m":[0,0,0],"t":0},"acceleration":0.0,"velocity":0.0,"positionAbsolute":0.0,"positionRelative":0.0,"actorDescription":"TrackLearner power: 50, minStraightDuration: 180, minTurnDuration: 250","power":54,"trackSectionId":0,"tEvent":1447340254271,"tReceived":1447340254272,"tAfterCalculation":1447340254272}
,{"event":{"raceTrackId":"embedded","timeStamp":1447340254312,"a":[0,0,0],"g":[0,0,5],"m":[0,0,0],"t":0},"acceleration":0.0,"velocity":0.0,"positionAbsolute":0.0,"positionRelative":0.0,"actorDescription":"TrackLearner power: 50, minStraightDuration: 180, minTurnDuration: 250","power":55,"trackSectionId":0,"tEvent":1447340254312,"tReceived":1447340254313,"tAfterCalculation":1447340254313}
,{"event":{"raceTrackId":"embedded","timeStamp":1447340254362,"a":[0,0,0],"g":[0,0,4],"m":[0,0,0],"t":0},"acceleration":0.0,"velocity":0.0,"positionAbsolute":0.0,"positionRelative":0.0,"actorDescription":"TrackLearner power: 50, minStraightDuration: 180, minTurnDuration: 250","power":56,"trackSectionId":0,"tEvent":1447340254362,"tReceived":1447340254362,"tAfterCalculation":1447340254362}
,{"event":{"raceTrackId":"embedded","timeStamp":1447340254412,"a":[0,0,0],"g":[0,0,2],"m":[0,0,0],"t":0},"acceleration":0.0,"velocity":0.0,"positionAbsolute":0.0,"positionRelative":0.0,"actorDescription":"TrackLearner power: 50, minStraightDuration: 180, minTurnDuration: 250","power":57,"trackSectionId":0,"tEvent":1447340254412,"tReceived":1447340254413,"tAfterCalculation":1447340254413}
,{"event":{"raceTrackId":"embedded","timeStamp":1447340254452,"a":[0,0,0],"g":[0,0,4],"m":[0,0,0],"t":0},"acceleration":0.0,"velocity":0.0,"positionAbsolute":0.0,"positionRelative":0.0,"actorDescription":"TrackLearner power: 50, minStraightDuration: 180, minTurnDuration: 250","power":58,"trackSectionId":0,"tEvent":1447340254452,"tReceived":1447340254453,"tAfterCalculation":1447340254453}
,{"event":{"raceTrackId":"embedded","timeStamp":1447340254502,"a":[0,0,0],"g":[0,0,5],"m":[0,0,0],"t":0},"acceleration":0.0,"velocity":0.0,"positionAbsolute":0.0,"positionRelative":0.0,"actorDescription":"TrackLearner power: 50, minStraightDuration: 180, minTurnDuration: 250","power":59,"trackSectionId":0,"tEvent":1447340254502,"tReceived":1447340254503,"tAfterCalculation":1447340254503}
,{"event":{"raceTrackId":"embedded","timeStamp":1447340254552,"a":[0,0,0],"g":[0,0,6],"m":[0,0,0],"t":0},"acceleration":0.0,"velocity":0.0,"positionAbsolute":0.0,"positionRelative":0.0,"actorDescription":"TrackLearner power: 50, minStraightDuration: 180, minTurnDuration: 250","power":60,"trackSectionId":0,"tEvent":1447340254552,"tReceived":1447340254552,"tAfterCalculation":1447340254552}
,{"event":{"raceTrackId":"embedded","timeStamp":1447340254591,"a":[0,0,0],"g":[0,0,4],"m":[0,0,0],"t":0},"acceleration":0.0,"velocity":0.0,"positionAbsolute":0.0,"positionRelative":0.0,"actorDescription":"TrackLearner power: 50, minStraightDuration: 180, minTurnDuration: 250","power":61,"trackSectionId":0,"tEvent":1447340254591,"tReceived":1447340254592,"tAfterCalculation":1447340254592}
,{"event":{"raceTrackId":"embedded","timeStamp":1447340254632,"a":[0,0,0],"g":[0,0,3],"m":[0,0,0],"t":0},"acceleration":0.0,"velocity":0.0,"positionAbsolute":0.0,"positionRelative":0.0,"actorDescription":"TrackLearner power: 50, minStraightDuration: 180, minTurnDuration: 250","power":62,"trackSectionId":0,"tEvent":1447340254632,"tReceived":1447340254632,"tAfterCalculation":1447340254632}
,{"event":{"raceTrackId":"embedded","timeStamp":1447340254682,"a":[0,0,0],"g":[0,0,3],"m":[0,0,0],"t":0},"acceleration":0.0,"velocity":0.0,"positionAbsolute":0.0,"positionRelative":0.0,"actorDescription":"TrackLearner power: 50, minStraightDuration: 180, minTurnDuration: 250","power":63,"trackSectionId":0,"tEvent":1447340254682,"tReceived":1447340254682,"tAfterCalculation":1447340254682}
,{"event":{"raceTrackId":"embedded","timeStamp":1447340254723,"a":[0,0,0],"g":[0,0,4],"m":[0,0,0],"t":0},"acceleration":0.0,"velocity":0.0,"positionAbsolute":0.0,"positionRelative":0.0,"actorDescription":"TrackLearner power: 50, minStraightDuration: 180, minTurnDuration: 250","power":64,"trackSectionId":0,"tEvent":1447340254723,"tReceived":1447340254723,"tAfterCalculation":1447340254723}
,{"event":{"raceTrackId":"embedded","timeStamp":1447340254763,"a":[0,0,0],"g":[0,0,5],"m":[0,0,0],"t":0},"acceleration":0.0,"velocity":0.0,"positionAbsolute":0.0,"positionRelative":0.0,"actorDescription":"TrackLearner power: 50, minStraightDuration: 180, minTurnDuration: 250","power":65,"trackSectionId":0,"tEvent":1447340254763,"tReceived":1447340254763,"tAfterCalculation":1447340254763}
,{"event":{"raceTrackId":"embedded","timeStamp":1447340254803,"a":[0,0,0],"g":[0,0,4],"m":[0,0,0],"t":0},"acceleration":0.0,"velocity":0.0,"positionAbsolute":0.0,"positionRelative":0.0,"actorDescription":"TrackLearner power: 50, minStraightDuration: 180, minTurnDuration: 250","power":66,"trackSectionId":0,"tEvent":1447340254803,"tReceived":1447340254803,"tAfterCalculation":1447340254803}
,{"event":{"raceTrackId":"embedded","timeStamp":1447340254841,"a":[0,0,0],"g":[0,0,4],"m":[0,0,0],"t":0},"acceleration":0.0,"velocity":0.0,"positionAbsolute":0.0,"positionRelative":0.0,"actorDescription":"TrackLearner power: 50, minStraightDuration: 180, minTurnDuration: 250","power":67,"trackSectionId":0,"tEvent":1447340254841,"tReceived":1447340254842,"tAfterCalculation":1447340254842}
,{"event":{"raceTrackId":"embedded","timeStamp":1447340254882,"a":[0,0,0],"g":[0,0,6],"m":[0,0,0],"t":0},"acceleration":0.0,"velocity":0.0,"positionAbsolute":0.0,"positionRelative":0.0,"actorDescription":"TrackLearner power: 50, minStraightDuration: 180, minTurnDuration: 250","power":68,"trackSectionId":0,"tEvent":1447340254882,"tReceived":1447340254882,"tAfterCalculation":1447340254882}
,{"event":{"raceTrackId":"embedded","timeStamp":1447340254922,"a":[0,0,0],"g":[0,0,4],"m":[0,0,0],"t":0},"acceleration":0.0,"velocity":0.0,"positionAbsolute":0.0,"positionRelative":0.0,"actorDescription":"TrackLearner power: 50, minStraightDuration: 180, minTurnDuration: 250","power":69,"trackSectionId":0,"tEvent":1447340254922,"tReceived":1447340254922,"tAfterCalculation":1447340254922}
,{"event":{"raceTrackId":"embedded","timeStamp":1447340254972,"a":[0,0,0],"g":[0,0,6],"m":[0,0,0],"t":0},"acceleration":0.0,"velocity":0.0,"positionAbsolute":0.0,"positionRelative":0.0,"actorDescription":"TrackLearner power: 50, minStraightDuration: 180, minTurnDuration: 250","power":70,"trackSectionId":0,"tEvent":1447340254972,"tReceived":1447340254972,"tAfterCalculation":1447340254972}
,{"event":{"raceTrackId":"embedded","timeStamp":1447340255022,"a":[0,0,0],"g":[0,0,4],"m":[0,0,0],"t":0},"acceleration":0.0,"velocity":0.0,"positionAbsolute":0.0,"positionRelative":0.0,"actorDescription":"TrackLearner power: 50, minStraightDuration: 180, minTurnDuration: 250","power":71,"trackSectionId":0,"tEvent":1447340255022,"tReceived":1447340255022,"tAfterCalculation":1447340255022}
,{"event":{"raceTrackId":"embedded","timeStamp":1447340255072,"a":[0,0,0],"g":[0,0,5],"m":[0,0,0],"t":0},"acceleration":0.0,"velocity":0.0,"positionAbsolute":0.0,"positionRelative":0.0,"actorDescription":"TrackLearner power: 50, minStraightDuration: 180, minTurnDuration: 250","power":72,"trackSectionId":0,"tEvent":1447340255072,"tReceived":1447340255072,"tAfterCalculation":1447340255072}
,{"event":{"raceTrackId":"embedded","timeStamp":1447340255122,"a":[0,0,0],"g":[0,0,5],"m":[0,0,0],"t":0},"acceleration":0.0,"velocity":0.0,"positionAbsolute":0.0,"positionRelative":0.0,"actorDescription":"TrackLearner power: 50, minStraightDuration: 180, minTurnDuration: 250","power":73,"trackSectionId":0,"tEvent":1447340255122,"tReceived":1447340255123,"tAfterCalculation":1447340255123}
,{"event":{"raceTrackId":"embedded","timeStamp":1447340255163,"a":[0,0,0],"g":[0,0,6],"m":[0,0,0],"t":0},"acceleration":0.0,"velocity":0.0,"positionAbsolute":0.0,"positionRelative":0.0,"actorDescription":"TrackLearner power: 50, minStraightDuration: 180, minTurnDuration: 250","power":74,"trackSectionId":0,"tEvent":1447340255163,"tReceived":1447340255163,"tAfterCalculation":1447340255163}
,{"event":{"raceTrackId":"embedded","timeStamp":1447340255211,"a":[0,0,0],"g":[0,0,4],"m":[0,0,0],"t":0},"acceleration":0.0,"velocity":0.0,"positionAbsolute":0.0,"positionRelative":0.0,"actorDescription":"TrackLearner power: 50, minStraightDuration: 180, minTurnDuration: 250","power":75,"trackSectionId":0,"tEvent":1447340255211,"tReceived":1447340255212,"tAfterCalculation":1447340255212}
,{"event":{"raceTrackId":"embedded","timeStamp":1447340255252,"a":[0,0,0],"g":[0,0,4],"m":[0,0,0],"t":0},"acceleration":0.0,"velocity":0.0,"positionAbsolute":0.0,"positionRelative":0.0,"actorDescription":"TrackLearner power: 50, minStraightDuration: 180, minTurnDuration: 250","power":76,"trackSectionId":0,"tEvent":1447340255252,"tReceived":1447340255252,"tAfterCalculation":1447340255252}
,{"event":{"raceTrackId":"embedded","timeStamp":1447340255302,"a":[0,0,0],"g":[0,0,4],"m":[0,0,0],"t":0},"acceleration":0.0,"velocity":0.0,"positionAbsolute":0.0,"positionRelative":0.0,"actorDescription":"TrackLearner power: 50, minStraightDuration: 180, minTurnDuration: 250","power":77,"trackSectionId":0,"tEvent":1447340255302,"tReceived":1447340255302,"tAfterCalculation":1447340255302}
,{"event":{"raceTrackId":"embedded","timeStamp":1447340255342,"a":[0,0,0],"g":[0,0,3],"m":[0,0,0],"t":0},"acceleration":0.0,"velocity":0.0,"positionAbsolute":0.0,"positionRelative":0.0,"actorDescription":"TrackLearner power: 50, minStraightDuration: 180, minTurnDuration: 250","power":78,"trackSectionId":0,"tEvent":1447340255342,"tReceived":1447340255343,"tAfterCalculation":1447340255343}
,{"event":{"raceTrackId":"embedded","timeStamp":1447340255382,"a":[0,0,0],"g":[0,0,4],"m":[0,0,0],"t":0},"acceleration":0.0,"velocity":0.0,"positionAbsolute":0.0,"positionRelative":0.0,"actorDescription":"TrackLearner power: 50, minStraightDuration: 180, minTurnDuration: 250","power":79,"trackSectionId":0,"tEvent":1447340255382,"tReceived":1447340255382,"tAfterCalculation":1447340255382}
,{"event":{"raceTrackId":"embedded","timeStamp":1447340255422,"a":[0,0,0],"g":[0,0,4],"m":[0,0,0],"t":0},"acceleration":0.0,"velocity":0.0,"positionAbsolute":0.0,"positionRelative":0.0,"actorDescription":"TrackLearner power: 50, minStraightDuration: 180, minTurnDuration: 250","power":80,"trackSectionId":0,"tEvent":1447340255422,"tReceived":1447340255422,"tAfterCalculation":1447340255422}
,{"event":{"raceTrackId":"embedded","timeStamp":1447340255463,"a":[0,0,0],"g":[0,0,6],"m":[0,0,0],"t":0},"acceleration":0.0,"velocity":0.0,"positionAbsolute":0.0,"positionRelative":0.0,"actorDescription":"TrackLearner power: 50, minStraightDuration: 180, minTurnDuration: 250","power":81,"trackSectionId":0,"tEvent":1447340255463,"tReceived":1447340255463,"tAfterCalculation":1447340255463}
,{"event":{"raceTrackId":"embedded","timeStamp":1447340255503,"a":[0,0,0],"g":[0,0,4],"m":[0,0,0],"t":0},"acceleration":0.0,"velocity":0.0,"positionAbsolute":0.0,"positionRelative":0.0,"actorDescription":"TrackLearner power: 50, minStraightDuration: 180, minTurnDuration: 250","power":82,"trackSectionId":0,"tEvent":1447340255503,"tReceived":1447340255503,"tAfterCalculation":1447340255503}
,{"event":{"raceTrackId":"embedded","timeStamp":1447340255552,"a":[0,0,0],"g":[0,0,4],"m":[0,0,0],"t":0},"acceleration":0.0,"velocity":0.0,"positionAbsolute":0.0,"positionRelative":0.0,"actorDescription":"TrackLearner power: 50, minStraightDuration: 180, minTurnDuration: 250","power":83,"trackSectionId":0,"tEvent":1447340255552,"tReceived":1447340255553,"tAfterCalculation":1447340255553}
,{"event":{"raceTrackId":"embedded","timeStamp":1447340255592,"a":[0,0,0],"g":[0,0,5],"m":[0,0,0],"t":0},"acceleration":0.0,"velocity":0.0,"positionAbsolute":0.0,"positionRelative":0.0,"actorDescription":"TrackLearner power: 50, minStraightDuration: 180, minTurnDuration: 250","power":84,"trackSectionId":0,"tEvent":1447340255592,"tReceived":1447340255592,"tAfterCalculation":1447340255592}
,{"event":{"raceTrackId":"embedded","timeStamp":1447340255643,"a":[0,0,0],"g":[0,0,6],"m":[0,0,0],"t":0},"acceleration":0.0,"velocity":0.0,"positionAbsolute":0.0,"positionRelative":0.0,"actorDescription":"TrackLearner power: 50, minStraightDuration: 180, minTurnDuration: 250","power":85,"trackSectionId":0,"tEvent":1447340255643,"tReceived":1447340255643,"tAfterCalculation":1447340255643}
,{"event":{"raceTrackId":"embedded","timeStamp":1447340255681,"a":[0,0,0],"g":[0,0,4],"m":[0,0,0],"t":0},"acceleration":0.0,"velocity":0.0,"positionAbsolute":0.0,"positionRelative":0.0,"actorDescription":"TrackLearner power: 50, minStraightDuration: 180, minTurnDuration: 250","power":86,"trackSectionId":0,"tEvent":1447340255681,"tReceived":1447340255681,"tAfterCalculation":1447340255681}
,{"event":{"raceTrackId":"embedded","timeStamp":1447340255722,"a":[0,0,0],"g":[0,0,5],"m":[0,0,0],"t":0},"acceleration":0.0,"velocity":0.0,"positionAbsolute":0.0,"positionRelative":0.0,"actorDescription":"TrackLearner power: 50, minStraightDuration: 180, minTurnDuration: 250","power":87,"trackSectionId":0,"tEvent":1447340255722,"tReceived":1447340255722,"tAfterCalculation":1447340255722}
,{"event":{"raceTrackId":"embedded","timeStamp":1447340255772,"a":[0,0,0],"g":[0,0,6],"m":[0,0,0],"t":0},"acceleration":0.0,"velocity":0.0,"positionAbsolute":0.0,"positionRelative":0.0,"actorDescription":"TrackLearner power: 50, minStraightDuration: 180, minTurnDuration: 250","power":88,"trackSectionId":0,"tEvent":1447340255772,"tReceived":1447340255772,"tAfterCalculation":1447340255772}
,{"event":{"raceTrackId":"embedded","timeStamp":1447340255812,"a":[0,0,0],"g":[0,0,5],"m":[0,0,0],"t":0},"acceleration":0.0,"velocity":0.0,"positionAbsolute":0.0,"positionRelative":0.0,"actorDescription":"TrackLearner power: 50, minStraightDuration: 180, minTurnDuration: 250","power":89,"trackSectionId":0,"tEvent":1447340255812,"tReceived":1447340255812,"tAfterCalculation":1447340255812}
,{"event":{"raceTrackId":"embedded","timeStamp":1447340255862,"a":[0,0,0],"g":[0,0,5],"m":[0,0,0],"t":0},"acceleration":0.0,"velocity":0.0,"positionAbsolute":0.0,"positionRelative":0.0,"actorDescription":"TrackLearner power: 50, minStraightDuration: 180, minTurnDuration: 250","power":90,"trackSectionId":0,"tEvent":1447340255862,"tReceived":1447340255862,"tAfterCalculation":1447340255862}
,{"event":{"raceTrackId":"embedded","timeStamp":1447340255912,"a":[0,0,0],"g":[0,0,6],"m":[0,0,0],"t":0},"acceleration":0.0,"velocity":0.0,"positionAbsolute":0.0,"positionRelative":0.0,"actorDescription":"TrackLearner power: 50, minStraightDuration: 180, minTurnDuration: 250","power":91,"trackSectionId":0,"tEvent":1447340255912,"tReceived":1447340255913,"tAfterCalculation":1447340255913}
,{"event":{"raceTrackId":"embedded","timeStamp":1447340255951,"a":[0,0,0],"g":[0,0,6],"m":[0,0,0],"t":0},"acceleration":0.0,"velocity":0.0,"positionAbsolute":0.0,"positionRelative":0.0,"actorDescription":"TrackLearner power: 50, minStraightDuration: 180, minTurnDuration: 250","power":92,"trackSectionId":0,"tEvent":1447340255951,"tReceived":1447340255951,"tAfterCalculation":1447340255951}
,{"event":{"raceTrackId":"embedded","timeStamp":1447340256003,"a":[0,0,0],"g":[0,0,6],"m":[0,0,0],"t":0},"acceleration":0.0,"velocity":0.0,"positionAbsolute":0.0,"positionRelative":0.0,"actorDescription":"TrackLearner power: 50, minStraightDuration: 180, minTurnDuration: 250","power":93,"trackSectionId":0,"tEvent":1447340256003,"tReceived":1447340256003,"tAfterCalculation":1447340256003}
,{"event":{"raceTrackId":"embedded","timeStamp":1447340256043,"a":[0,0,0],"g":[0,0,5],"m":[0,0,0],"t":0},"acceleration":0.0,"velocity":0.0,"positionAbsolute":0.0,"positionRelative":0.0,"actorDescription":"TrackLearner power: 50, minStraightDuration: 180, minTurnDuration: 250","power":94,"trackSectionId":0,"tEvent":1447340256043,"tReceived":1447340256043,"tAfterCalculation":1447340256043}
,{"event":{"raceTrackId":"embedded","timeStamp":1447340256082,"a":[0,0,0],"g":[0,0,5],"m":[0,0,0],"t":0},"acceleration":0.0,"velocity":0.0,"positionAbsolute":0.0,"positionRelative":0.0,"actorDescription":"TrackLearner power: 50, minStraightDuration: 180, minTurnDuration: 250","power":95,"trackSectionId":0,"tEvent":1447340256082,"tReceived":1447340256083,"tAfterCalculation":1447340256083}
,{"event":{"raceTrackId":"embedded","timeStamp":1447340256122,"a":[0,0,0],"g":[0,0,-29],"m":[0,0,0],"t":0},"acceleration":0.0,"velocity":0.0,"positionAbsolute":0.0,"positionRelative":0.0,"actorDescription":"TrackLearner power: 50, minStraightDuration: 180, minTurnDuration: 250","power":96,"trackSectionId":0,"tEvent":1447340256122,"tReceived":1447340256122,"tAfterCalculation":1447340256122}
,{"event":{"raceTrackId":"embedded","timeStamp":1447340256172,"a":[0,0,0],"g":[0,0,153],"m":[0,0,0],"t":0},"acceleration":0.0,"velocity":0.0,"positionAbsolute":0.0,"positionRelative":0.0,"actorDescription":"TrackLearner power: 50, minStraightDuration: 180, minTurnDuration: 250","power":106,"trackSectionId":0,"tEvent":1447340256172,"tReceived":1447340256172,"tAfterCalculation":1447340256172}
,{"event":{"raceTrackId":"embedded","timeStamp":1447340256212,"a":[0,0,0],"g":[0,0,123],"m":[0,0,0],"t":0},"acceleration":0.0,"velocity":0.0,"positionAbsolute":0.0,"positionRelative":0.0,"actorDescription":"TrackLearner power: 50, minStraightDuration: 180, minTurnDuration: 250","power":106,"trackSectionId":0,"tEvent":1447340256212,"tReceived":1447340256212,"tAfterCalculation":1447340256213}
,{"event":{"raceTrackId":"embedded","timeStamp":1447340256253,"a":[0,0,0],"g":[0,0,163],"m":[0,0,0],"t":0},"acceleration":0.0,"velocity":0.0,"positionAbsolute":0.0,"positionRelative":0.0,"actorDescription":"TrackLearner power: 50, minStraightDuration: 180, minTurnDuration: 250","power":106,"trackSectionId":0,"tEvent":1447340256253,"tReceived":1447340256253,"tAfterCalculation":1447340256253}
,{"event":{"raceTrackId":"embedded","timeStamp":1447340256292,"a":[0,0,0],"g":[0,0,89],"m":[0,0,0],"t":0},"acceleration":0.0,"velocity":0.0,"positionAbsolute":0.0,"positionRelative":0.0,"actorDescription":"TrackLearner power: 50, minStraightDuration: 180, minTurnDuration: 250","power":106,"trackSectionId":0,"tEvent":1447340256292,"tReceived":1447340256292,"tAfterCalculation":1447340256292}
,{"event":{"raceTrackId":"embedded","timeStamp":1447340256332,"a":[0,0,0],"g":[0,0,27],"m":[0,0,0],"t":0},"acceleration":0.0,"velocity":0.0,"positionAbsolute":0.0,"positionRelative":0.0,"actorDescription":"TrackLearner power: 50, minStraightDuration: 180, minTurnDuration: 250","power":106,"trackSectionId":0,"tEvent":1447340256332,"tReceived":1447340256333,"tAfterCalculation":1447340256333}
,{"event":{"raceTrackId":"embedded","timeStamp":1447340256383,"a":[0,0,0],"g":[0,0,-110],"m":[0,0,0],"t":0},"acceleration":0.0,"velocity":0.0,"positionAbsolute":0.0,"positionRelative":0.0,"actorDescription":"TrackLearner power: 50, minStraightDuration: 180, minTurnDuration: 250","power":106,"trackSectionId":0,"tEvent":1447340256383,"tReceived":1447340256383,"tAfterCalculation":1447340256383}
,{"event":{"raceTrackId":"embedded","timeStamp":1447340256433,"a":[0,0,0],"g":[0,0,119],"m":[0,0,0],"t":0},"acceleration":0.0,"velocity":0.0,"positionAbsolute":0.0,"positionRelative":0.0,"actorDescription":"TrackLearner power: 50, minStraightDuration: 180, minTurnDuration: 250","power":106,"trackSectionId":0,"tEvent":1447340256433,"tReceived":1447340256433,"tAfterCalculation":1447340256433}
,{"event":{"raceTrackId":"embedded","timeStamp":1447340256473,"a":[0,0,0],"g":[0,0,331],"m":[0,0,0],"t":0},"acceleration":0.0,"velocity":0.0,"positionAbsolute":0.0,"positionRelative":0.0,"actorDescription":"TrackLearner power: 50, minStraightDuration: 180, minTurnDuration: 250","power":106,"trackSectionId":0,"tEvent":1447340256473,"tReceived":1447340256473,"tAfterCalculation":1447340256473}
,{"event":{"raceTrackId":"embedded","timeStamp":1447340256522,"a":[0,0,0],"g":[0,0,-180],"m":[0,0,0],"t":0},"acceleration":0.0,"velocity":0.0,"positionAbsolute":0.0,"positionRelative":0.0,"actorDescription":"TrackLearner power: 50, minStraightDuration: 180, minTurnDuration: 250","power":106,"trackSectionId":0,"tEvent":1447340256522,"tReceived":1447340256523,"tAfterCalculation":1447340256523}
,{"event":{"raceTrackId":"embedded","timeStamp":1447340256562,"a":[0,0,0],"g":[0,0,-144],"m":[0,0,0],"t":0},"acceleration":0.0,"velocity":0.0,"positionAbsolute":0.0,"positionRelative":0.0,"actorDescription":"TrackLearner power: 50, minStraightDuration: 180, minTurnDuration: 250","power":106,"trackSectionId":0,"tEvent":1447340256562,"tReceived":1447340256563,"tAfterCalculation":1447340256563}
,{"event":{"raceTrackId":"embedded","timeStamp":1447340256612,"a":[0,0,0],"g":[0,0,-71],"m":[0,0,0],"t":0},"acceleration":0.0,"velocity":0.0,"positionAbsolute":0.0,"positionRelative":0.0,"actorDescription":"TrackLearner power: 50, minStraightDuration: 180, minTurnDuration: 250","power":106,"trackSectionId":0,"tEvent":1447340256612,"tReceived":1447340256612,"tAfterCalculation":1447340256612}
,{"event":{"raceTrackId":"embedded","timeStamp":1447340256662,"a":[0,0,0],"g":[0,0,263],"m":[0,0,0],"t":0},"acceleration":0.0,"velocity":0.0,"positionAbsolute":0.0,"positionRelative":0.0,"actorDescription":"TrackLearner power: 50, minStraightDuration: 180, minTurnDuration: 250","power":106,"trackSectionId":0,"tEvent":1447340256662,"tReceived":1447340256662,"tAfterCalculation":1447340256662}
,{"event":{"raceTrackId":"embedded","timeStamp":1447340256701,"a":[0,0,0],"g":[0,0,-9],"m":[0,0,0],"t":0},"acceleration":0.0,"velocity":0.0,"positionAbsolute":0.0,"positionRelative":0.0,"actorDescription":"TrackLearner power: 50, minStraightDuration: 180, minTurnDuration: 250","power":106,"trackSectionId":0,"tEvent":1447340256701,"tReceived":1447340256702,"tAfterCalculation":1447340256702}
,{"event":{"raceTrackId":"embedded","timeStamp":1447340256742,"a":[0,0,0],"g":[0,0,-104],"m":[0,0,0],"t":0},"acceleration":0.0,"velocity":0.0,"positionAbsolute":0.0,"positionRelative":0.0,"actorDescription":"TrackLearner power: 50, minStraightDuration: 180, minTurnDuration: 250","power":106,"trackSectionId":0,"tEvent":1447340256742,"tReceived":1447340256743,"tAfterCalculation":1447340256743}
,{"event":{"raceTrackId":"embedded","timeStamp":1447340256793,"a":[0,0,0],"g":[0,0,-88],"m":[0,0,0],"t":0},"acceleration":0.0,"velocity":0.0,"positionAbsolute":0.0,"positionRelative":0.0,"actorDescription":"TrackLearner power: 50, minStraightDuration: 180, minTurnDuration: 250","power":106,"trackSectionId":0,"tEvent":1447340256793,"tReceived":1447340256793,"tAfterCalculation":1447340256793}
,{"event":{"raceTrackId":"embedded","timeStamp":1447340256832,"a":[0,0,0],"g":[0,0,232],"m":[0,0,0],"t":0},"acceleration":0.0,"velocity":0.0,"positionAbsolute":0.0,"positionRelative":0.0,"actorDescription":"TrackLearner power: 50, minStraightDuration: 180, minTurnDuration: 250","power":106,"trackSectionId":0,"tEvent":1447340256832,"tReceived":1447340256832,"tAfterCalculation":1447340256832}
,{"event":{"raceTrackId":"embedded","timeStamp":1447340256872,"a":[0,0,0],"g":[0,0,72],"m":[0,0,0],"t":0},"acceleration":0.0,"velocity":0.0,"positionAbsolute":0.0,"positionRelative":0.0,"actorDescription":"TrackLearner power: 50, minStraightDuration: 180, minTurnDuration: 250","power":106,"trackSectionId":0,"tEvent":1447340256872,"tReceived":1447340256872,"tAfterCalculation":1447340256872}
,{"event":{"raceTrackId":"embedded","timeStamp":1447340256922,"a":[0,0,0],"g":[0,0,-106],"m":[0,0,0],"t":0},"acceleration":0.0,"velocity":0.0,"positionAbsolute":0.0,"positionRelative":0.0,"actorDescription":"TrackLearner power: 50, minStraightDuration: 180, minTurnDuration: 250","power":106,"trackSectionId":0,"tEvent":1447340256922,"tReceived":1447340256922,"tAfterCalculation":1447340256922}
,{"event":{"raceTrackId":"embedded","timeStamp":1447340256972,"a":[0,0,0],"g":[0,0,210],"m":[0,0,0],"t":0},"acceleration":0.0,"velocity":0.0,"positionAbsolute":0.0,"positionRelative":0.0,"actorDescription":"TrackLearner power: 50, minStraightDuration: 180, minTurnDuration: 250","power":106,"trackSectionId":0,"tEvent":1447340256972,"tReceived":1447340256972,"tAfterCalculation":1447340256972}
,{"event":{"raceTrackId":"embedded","timeStamp":1447340257012,"a":[0,0,0],"g":[0,0,226],"m":[0,0,0],"t":0},"acceleration":0.0,"velocity":0.0,"positionAbsolute":0.0,"positionRelative":0.0,"actorDescription":"TrackLearner power: 50, minStraightDuration: 180, minTurnDuration: 250","power":106,"trackSectionId":0,"tEvent":1447340257012,"tReceived":1447340257012,"tAfterCalculation":1447340257012}
,{"event":{"raceTrackId":"embedded","timeStamp":1447340257062,"a":[0,0,0],"g":[0,0,-51],"m":[0,0,0],"t":0},"acceleration":0.0,"velocity":0.0,"positionAbsolute":0.0,"positionRelative":0.0,"actorDescription":"TrackLearner power: 50, minStraightDuration: 180, minTurnDuration: 250","power":106,"trackSectionId":0,"tEvent":1447340257062,"tReceived":1447340257062,"tAfterCalculation":1447340257062}
,{"event":{"raceTrackId":"embedded","timeStamp":1447340257102,"a":[0,0,0],"g":[0,0,28],"m":[0,0,0],"t":0},"acceleration":0.0,"velocity":0.0,"positionAbsolute":0.0,"positionRelative":0.0,"actorDescription":"TrackLearner power: 50, minStraightDuration: 180, minTurnDuration: 250","power":106,"trackSectionId":0,"tEvent":1447340257102,"tReceived":1447340257102,"tAfterCalculation":1447340257102}
,{"event":{"raceTrackId":"embedded","timeStamp":1447340257142,"a":[0,0,0],"g":[0,0,-88],"m":[0,0,0],"t":0},"acceleration":0.0,"velocity":0.0,"positionAbsolute":0.0,"positionRelative":0.0,"actorDescription":"TrackLearner power: 50, minStraightDuration: 180, minTurnDuration: 250","power":106,"trackSectionId":0,"tEvent":1447340257142,"tReceived":1447340257142,"tAfterCalculation":1447340257142}
,{"event":{"raceTrackId":"embedded","timeStamp":1447340257191,"a":[0,0,0],"g":[0,0,70],"m":[0,0,0],"t":0},"acceleration":0.0,"velocity":0.0,"positionAbsolute":0.0,"positionRelative":0.0,"actorDescription":"TrackLearner power: 50, minStraightDuration: 180, minTurnDuration: 250","power":106,"trackSectionId":0,"tEvent":1447340257191,"tReceived":1447340257192,"tAfterCalculation":1447340257192}
,{"event":{"raceTrackId":"embedded","timeStamp":1447340257232,"a":[0,0,0],"g":[0,0,50],"m":[0,0,0],"t":0},"acceleration":0.0,"velocity":0.0,"positionAbsolute":0.0,"positionRelative":0.0,"actorDescription":"TrackLearner power: 50, minStraightDuration: 180, minTurnDuration: 250","power":106,"trackSectionId":0,"tEvent":1447340257232,"tReceived":1447340257232,"tAfterCalculation":1447340257232}
,{"event":{"raceTrackId":"embedded","timeStamp":1447340257271,"a":[0,0,0],"g":[0,0,102],"m":[0,0,0],"t":0},"acceleration":0.0,"velocity":0.0,"positionAbsolute":0.0,"positionRelative":0.0,"actorDescription":"TrackLearner power: 50, minStraightDuration: 180, minTurnDuration: 250","power":106,"trackSectionId":0,"tEvent":1447340257271,"tReceived":1447340257271,"tAfterCalculation":1447340257271}
,{"event":{"raceTrackId":"embedded","timeStamp":1447340257312,"a":[0,0,0],"g":[0,0,-7],"m":[0,0,0],"t":0},"acceleration":0.0,"velocity":0.0,"positionAbsolute":0.0,"positionRelative":0.0,"actorDescription":"TrackLearner power: 50, minStraightDuration: 180, minTurnDuration: 250","power":106,"trackSectionId":0,"tEvent":1447340257312,"tReceived":1447340257312,"tAfterCalculation":1447340257312}
,{"event":{"raceTrackId":"embedded","timeStamp":1447340257361,"a":[0,0,0],"g":[0,0,-39],"m":[0,0,0],"t":0},"acceleration":0.0,"velocity":0.0,"positionAbsolute":0.0,"positionRelative":0.0,"actorDescription":"TrackLearner power: 50, minStraightDuration: 180, minTurnDuration: 250","power":106,"trackSectionId":0,"tEvent":1447340257361,"tReceived":1447340257361,"tAfterCalculation":1447340257361}
,{"event":{"raceTrackId":"embedded","timeStamp":1447340257412,"a":[0,0,0],"g":[0,0,-130],"m":[0,0,0],"t":0},"acceleration":0.0,"velocity":0.0,"positionAbsolute":0.0,"positionRelative":0.0,"actorDescription":"TrackLearner power: 50, minStraightDuration: 180, minTurnDuration: 250","power":106,"trackSectionId":0,"tEvent":1447340257412,"tReceived":1447340257412,"tAfterCalculation":1447340257412}
,{"event":{"raceTrackId":"embedded","timeStamp":1447340257462,"a":[0,0,0],"g":[0,0,-26],"m":[0,0,0],"t":0},"acceleration":0.0,"velocity":0.0,"positionAbsolute":0.0,"positionRelative":0.0,"actorDescription":"TrackLearner power: 50, minStraightDuration: 180, minTurnDuration: 250","power":106,"trackSectionId":0,"tEvent":1447340257462,"tReceived":1447340257462,"tAfterCalculation":1447340257462}
,{"event":{"raceTrackId":"embedded","timeStamp":1447340257512,"a":[0,0,0],"g":[0,0,-234],"m":[0,0,0],"t":0},"acceleration":0.0,"velocity":0.0,"positionAbsolute":0.0,"positionRelative":0.0,"actorDescription":"TrackLearner power: 50, minStraightDuration: 180, minTurnDuration: 250","power":106,"trackSectionId":0,"tEvent":1447340257512,"tReceived":1447340257512,"tAfterCalculation":1447340257512}
,{"event":{"raceTrackId":"embedded","timeStamp":1447340257562,"a":[0,0,0],"g":[0,0,-51],"m":[0,0,0],"t":0},"acceleration":0.0,"velocity":0.0,"positionAbsolute":0.0,"positionRelative":0.0,"actorDescription":"TrackLearner power: 50, minStraightDuration: 180, minTurnDuration: 250","power":106,"trackSectionId":0,"tEvent":1447340257562,"tReceived":1447340257562,"tAfterCalculation":1447340257562}
,{"event":{"raceTrackId":"embedded","timeStamp":1447340257603,"a":[0,0,0],"g":[0,0,0],"m":[0,0,0],"t":0},"acceleration":0.0,"velocity":0.0,"positionAbsolute":0.0,"positionRelative":0.0,"actorDescription":"TrackLearner power: 50, minStraightDuration: 180, minTurnDuration: 250","power":106,"trackSectionId":0,"tEvent":1447340257603,"tReceived":1447340257603,"tAfterCalculation":1447340257603}
,{"event":{"raceTrackId":"embedded","timeStamp":1447340257652,"a":[0,0,0],"g":[0,0,272],"m":[0,0,0],"t":0},"acceleration":0.0,"velocity":0.0,"positionAbsolute":0.0,"positionRelative":0.0,"actorDescription":"TrackLearner power: 50, minStraightDuration: 180, minTurnDuration: 250","power":106,"trackSectionId":0,"tEvent":1447340257652,"tReceived":1447340257652,"tAfterCalculation":1447340257652}
,{"event":{"raceTrackId":"embedded","timeStamp":1447340257702,"a":[0,0,0],"g":[0,0,59],"m":[0,0,0],"t":0},"acceleration":0.0,"velocity":0.0,"positionAbsolute":0.0,"positionRelative":0.0,"actorDescription":"TrackLearner power: 50, minStraightDuration: 180, minTurnDuration: 250","power":106,"trackSectionId":0,"tEvent":1447340257702,"tReceived":1447340257703,"tAfterCalculation":1447340257703}
,{"event":{"raceTrackId":"embedded","timeStamp":1447340257752,"a":[0,0,0],"g":[0,0,82],"m":[0,0,0],"t":0},"acceleration":0.0,"velocity":0.0,"positionAbsolute":0.0,"positionRelative":0.0,"actorDescription":"TrackLearner power: 50, minStraightDuration: 180, minTurnDuration: 250","power":106,"trackSectionId":0,"tEvent":1447340257752,"tReceived":1447340257752,"tAfterCalculation":1447340257752}
,{"event":{"raceTrackId":"embedded","timeStamp":1447340257793,"a":[0,0,0],"g":[0,0,0],"m":[0,0,0],"t":0},"acceleration":0.0,"velocity":0.0,"positionAbsolute":0.0,"positionRelative":0.0,"actorDescription":"TrackLearner power: 50, minStraightDuration: 180, minTurnDuration: 250","power":106,"trackSectionId":0,"tEvent":1447340257793,"tReceived":1447340257793,"tAfterCalculation":1447340257793}
,{"event":{"raceTrackId":"embedded","timeStamp":1447340257843,"a":[0,0,0],"g":[0,0,-5],"m":[0,0,0],"t":0},"acceleration":0.0,"velocity":0.0,"positionAbsolute":0.0,"positionRelative":0.0,"actorDescription":"TrackLearner power: 50, minStraightDuration: 180, minTurnDuration: 250","power":106,"trackSectionId":0,"tEvent":1447340257843,"tReceived":1447340257843,"tAfterCalculation":1447340257843}
,{"event":{"raceTrackId":"embedded","timeStamp":1447340257892,"a":[0,0,0],"g":[0,0,-22],"m":[0,0,0],"t":0},"acceleration":0.0,"velocity":0.0,"positionAbsolute":0.0,"positionRelative":0.0,"actorDescription":"TrackLearner power: 50, minStraightDuration: 180, minTurnDuration: 250","power":106,"trackSectionId":0,"tEvent":1447340257892,"tReceived":1447340257892,"tAfterCalculation":1447340257892}
,{"event":{"raceTrackId":"embedded","timeStamp":1447340257931,"a":[0,0,0],"g":[0,0,4],"m":[0,0,0],"t":0},"acceleration":0.0,"velocity":0.0,"positionAbsolute":0.0,"positionRelative":0.0,"actorDescription":"TrackLearner power: 50, minStraightDuration: 180, minTurnDuration: 250","power":106,"trackSectionId":0,"tEvent":1447340257931,"tReceived":1447340257931,"tAfterCalculation":1447340257931}
,{"event":{"raceTrackId":"embedded","timeStamp":1447340257982,"a":[0,0,0],"g":[0,0,-115],"m":[0,0,0],"t":0},"acceleration":0.0,"velocity":0.0,"positionAbsolute":0.0,"positionRelative":0.0,"actorDescription":"TrackLearner power: 50, minStraightDuration: 180, minTurnDuration: 250","power":106,"trackSectionId":0,"tEvent":1447340257982,"tReceived":1447340257982,"tAfterCalculation":1447340257982}
,{"event":{"raceTrackId":"embedded","timeStamp":1447340258023,"a":[0,0,0],"g":[0,0,-121],"m":[0,0,0],"t":0},"acceleration":0.0,"velocity":0.0,"positionAbsolute":0.0,"positionRelative":0.0,"actorDescription":"TrackLearner power: 50, minStraightDuration: 180, minTurnDuration: 250","power":106,"trackSectionId":0,"tEvent":1447340258023,"tReceived":1447340258023,"tAfterCalculation":1447340258023}
,{"event":{"raceTrackId":"embedded","timeStamp":1447340258062,"a":[0,0,0],"g":[0,0,-25],"m":[0,0,0],"t":0},"acceleration":0.0,"velocity":0.0,"positionAbsolute":0.0,"positionRelative":0.0,"actorDescription":"TrackLearner power: 50, minStraightDuration: 180, minTurnDuration: 250","power":106,"trackSectionId":0,"tEvent":1447340258062,"tReceived":1447340258065,"tAfterCalculation":1447340258065}
,{"event":{"raceTrackId":"embedded","timeStamp":1447340258113,"a":[0,0,0],"g":[0,0,233],"m":[0,0,0],"t":0},"acceleration":0.0,"velocity":0.0,"positionAbsolute":0.0,"positionRelative":0.0,"actorDescription":"TrackLearner power: 50, minStraightDuration: 180, minTurnDuration: 250","power":106,"trackSectionId":0,"tEvent":1447340258113,"tReceived":1447340258113,"tAfterCalculation":1447340258113}
,{"event":{"raceTrackId":"embedded","timeStamp":1447340258151,"a":[0,0,0],"g":[0,0,92],"m":[0,0,0],"t":0},"acceleration":0.0,"velocity":0.0,"positionAbsolute":0.0,"positionRelative":0.0,"actorDescription":"TrackLearner power: 50, minStraightDuration: 180, minTurnDuration: 250","power":106,"trackSectionId":0,"tEvent":1447340258151,"tReceived":1447340258152,"tAfterCalculation":1447340258152}
,{"event":{"raceTrackId":"embedded","timeStamp":1447340258202,"a":[0,0,0],"g":[0,0,169],"m":[0,0,0],"t":0},"acceleration":0.0,"velocity":0.0,"positionAbsolute":0.0,"positionRelative":0.0,"actorDescription":"TrackLearner power: 50, minStraightDuration: 180, minTurnDuration: 250","power":106,"trackSectionId":0,"tEvent":1447340258202,"tReceived":1447340258202,"tAfterCalculation":1447340258203}
,{"event":{"raceTrackId":"embedded","timeStamp":1447340258242,"a":[0,0,0],"g":[0,0,7],"m":[0,0,0],"t":0},"acceleration":0.0,"velocity":0.0,"positionAbsolute":0.0,"positionRelative":0.0,"actorDescription":"TrackLearner power: 50, minStraightDuration: 180, minTurnDuration: 250","power":106,"trackSectionId":0,"tEvent":1447340258242,"tReceived":1447340258243,"tAfterCalculation":1447340258243}
,{"event":{"raceTrackId":"embedded","timeStamp":1447340258282,"a":[0,0,0],"g":[0,0,185],"m":[0,0,0],"t":0},"acceleration":0.0,"velocity":0.0,"positionAbsolute":0.0,"positionRelative":0.0,"actorDescription":"TrackLearner power: 50, minStraightDuration: 180, minTurnDuration: 250","power":106,"trackSectionId":0,"tEvent":1447340258282,"tReceived":1447340258282,"tAfterCalculation":1447340258282}
,{"event":{"raceTrackId":"embedded","timeStamp":1447340258322,"a":[0,0,0],"g":[0,0,506],"m":[0,0,0],"t":0},"acceleration":0.0,"velocity":0.0,"positionAbsolute":0.0,"positionRelative":0.0,"actorDescription":"TrackLearner power: 50, minStraightDuration: 180, minTurnDuration: 250","power":106,"trackSectionId":0,"tEvent":1447340258322,"tReceived":1447340258322,"tAfterCalculation":1447340258323}
,{"event":{"raceTrackId":"embedded","timeStamp":1447340258361,"a":[0,0,0],"g":[0,0,1080],"m":[0,0,0],"t":0},"acceleration":0.0,"velocity":0.0,"positionAbsolute":0.0,"positionRelative":0.0,"actorDescription":"TrackLearner power: 50, minStraightDuration: 180, minTurnDuration: 250","power":106,"trackSectionId":0,"tEvent":1447340258361,"tReceived":1447340258361,"tAfterCalculation":1447340258361}
,{"event":{"raceTrackId":"embedded","timeStamp":1447340258411,"a":[0,0,0],"g":[0,0,1608],"m":[0,0,0],"t":0},"acceleration":0.0,"velocity":0.0,"positionAbsolute":0.0,"positionRelative":0.0,"actorDescription":"TrackLearner power: 50, minStraightDuration: 180, minTurnDuration: 250","power":106,"trackSectionId":0,"tEvent":1447340258411,"tReceived":1447340258412,"tAfterCalculation":1447340258412}
,{"event":{"raceTrackId":"embedded","timeStamp":1447340258461,"a":[0,0,0],"g":[0,0,2818],"m":[0,0,0],"t":0},"acceleration":0.0,"velocity":0.0,"positionAbsolute":0.0,"positionRelative":0.0,"actorDescription":"TrackLearner power: 50, minStraightDuration: 180, minTurnDuration: 250","power":106,"trackSectionId":0,"tEvent":1447340258461,"tReceived":1447340258462,"tAfterCalculation":1447340258462}
,{"event":{"raceTrackId":"embedded","timeStamp":1447340258502,"a":[0,0,0],"g":[0,0,2907],"m":[0,0,0],"t":0},"acceleration":0.0,"velocity":0.0,"positionAbsolute":0.0,"positionRelative":0.0,"actorDescription":"TrackLearner power: 50, minStraightDuration: 180, minTurnDuration: 250","power":106,"trackSectionId":0,"tEvent":1447340258502,"tReceived":1447340258503,"tAfterCalculation":1447340258503}
,{"event":{"raceTrackId":"embedded","timeStamp":1447340258552,"a":[0,0,0],"g":[0,0,1994],"m":[0,0,0],"t":0},"acceleration":0.0,"velocity":0.0,"positionAbsolute":0.0,"positionRelative":0.0,"actorDescription":"TrackLearner power: 50, minStraightDuration: 180, minTurnDuration: 250","power":106,"trackSectionId":0,"tEvent":1447340258552,"tReceived":1447340258552,"tAfterCalculation":1447340258552}
,{"event":{"raceTrackId":"embedded","timeStamp":1447340258603,"a":[0,0,0],"g":[0,0,3530],"m":[0,0,0],"t":0},"acceleration":0.0,"velocity":0.0,"positionAbsolute":0.0,"positionRelative":0.0,"actorDescription":"TrackLearner power: 50, minStraightDuration: 180, minTurnDuration: 250","power":106,"trackSectionId":0,"tEvent":1447340258603,"tReceived":1447340258603,"tAfterCalculation":1447340258603}
,{"event":{"raceTrackId":"embedded","timeStamp":1447340258641,"a":[0,0,0],"g":[0,0,3543],"m":[0,0,0],"t":0},"acceleration":0.0,"velocity":0.0,"positionAbsolute":0.0,"positionRelative":0.0,"actorDescription":"TrackLearner power: 50, minStraightDuration: 180, minTurnDuration: 250","power":106,"trackSectionId":0,"tEvent":1447340258641,"tReceived":1447340258642,"tAfterCalculation":1447340258642}
,{"event":{"raceTrackId":"embedded","timeStamp":1447340258691,"a":[0,0,0],"g":[0,0,3429],"m":[0,0,0],"t":0},"acceleration":0.0,"velocity":0.0,"positionAbsolute":0.0,"positionRelative":0.0,"actorDescription":"TrackLearner power: 50, minStraightDuration: 180, minTurnDuration: 250","power":106,"trackSectionId":0,"tEvent":1447340258691,"tReceived":1447340258692,"tAfterCalculation":1447340258692}
,{"event":{"raceTrackId":"embedded","timeStamp":1447340258732,"a":[0,0,0],"g":[0,0,3452],"m":[0,0,0],"t":0},"acceleration":0.0,"velocity":0.0,"positionAbsolute":0.0,"positionRelative":0.0,"actorDescription":"TrackLearner power: 50, minStraightDuration: 180, minTurnDuration: 250","power":106,"trackSectionId":0,"tEvent":1447340258732,"tReceived":1447340258732,"tAfterCalculation":1447340258732}
,{"event":{"raceTrackId":"embedded","timeStamp":1447340258771,"a":[0,0,0],"g":[0,0,2871],"m":[0,0,0],"t":0},"acceleration":0.0,"velocity":0.0,"positionAbsolute":0.0,"positionRelative":0.0,"actorDescription":"TrackLearner power: 50, minStraightDuration: 180, minTurnDuration: 250","power":106,"trackSectionId":0,"tEvent":1447340258771,"tReceived":1447340258772,"tAfterCalculation":1447340258772}
,{"event":{"raceTrackId":"embedded","timeStamp":1447340258813,"a":[0,0,0],"g":[0,0,2782],"m":[0,0,0],"t":0},"acceleration":0.0,"velocity":0.0,"positionAbsolute":0.0,"positionRelative":0.0,"actorDescription":"TrackLearner power: 50, minStraightDuration: 180, minTurnDuration: 250","power":106,"trackSectionId":0,"tEvent":1447340258813,"tReceived":1447340258813,"tAfterCalculation":1447340258813}
,{"event":{"raceTrackId":"embedded","timeStamp":1447340258852,"a":[0,0,0],"g":[0,0,2986],"m":[0,0,0],"t":0},"acceleration":0.0,"velocity":0.0,"positionAbsolute":0.0,"positionRelative":0.0,"actorDescription":"TrackLearner power: 50, minStraightDuration: 180, minTurnDuration: 250","power":106,"trackSectionId":0,"tEvent":1447340258852,"tReceived":1447340258852,"tAfterCalculation":1447340258852}
,{"event":{"raceTrackId":"embedded","timeStamp":1447340258901,"a":[0,0,0],"g":[0,0,3144],"m":[0,0,0],"t":0},"acceleration":0.0,"velocity":0.0,"positionAbsolute":0.0,"positionRelative":0.0,"actorDescription":"TrackLearner power: 50, minStraightDuration: 180, minTurnDuration: 250","power":106,"trackSectionId":0,"tEvent":1447340258901,"tReceived":1447340258902,"tAfterCalculation":1447340258902}
,{"event":{"raceTrackId":"embedded","timeStamp":1447340258942,"a":[0,0,0],"g":[0,0,1772],"m":[0,0,0],"t":0},"acceleration":0.0,"velocity":0.0,"positionAbsolute":0.0,"positionRelative":0.0,"actorDescription":"TrackLearner power: 50, minStraightDuration: 180, minTurnDuration: 250","power":106,"trackSectionId":0,"tEvent":1447340258942,"tReceived":1447340258942,"tAfterCalculation":1447340258942}
,{"event":{"raceTrackId":"embedded","timeStamp":1447340258991,"a":[0,0,0],"g":[0,0,2487],"m":[0,0,0],"t":0},"acceleration":0.0,"velocity":0.0,"positionAbsolute":0.0,"positionRelative":0.0,"actorDescription":"TrackLearner power: 50, minStraightDuration: 180, minTurnDuration: 250","power":106,"trackSectionId":0,"tEvent":1447340258991,"tReceived":1447340258991,"tAfterCalculation":1447340258992}
,{"event":{"raceTrackId":"embedded","timeStamp":1447340259042,"a":[0,0,0],"g":[0,0,3137],"m":[0,0,0],"t":0},"acceleration":0.0,"velocity":0.0,"positionAbsolute":0.0,"positionRelative":0.0,"actorDescription":"TrackLearner power: 50, minStraightDuration: 180, minTurnDuration: 250","power":106,"trackSectionId":0,"tEvent":1447340259042,"tReceived":1447340259042,"tAfterCalculation":1447340259042}
,{"event":{"raceTrackId":"embedded","timeStamp":1447340259091,"a":[0,0,0],"g":[0,0,2192],"m":[0,0,0],"t":0},"acceleration":0.0,"velocity":0.0,"positionAbsolute":0.0,"positionRelative":0.0,"actorDescription":"TrackLearner power: 50, minStraightDuration: 180, minTurnDuration: 250","power":106,"trackSectionId":0,"tEvent":1447340259091,"tReceived":1447340259092,"tAfterCalculation":1447340259092}
,{"event":{"raceTrackId":"embedded","timeStamp":1447340259121,"a":[0,0,0],"g":[0,0,2387],"m":[0,0,0],"t":0},"acceleration":0.0,"velocity":0.0,"positionAbsolute":0.0,"positionRelative":0.0,"actorDescription":"TrackLearner power: 50, minStraightDuration: 180, minTurnDuration: 250","power":106,"trackSectionId":0,"tEvent":1447340259121,"tReceived":1447340259122,"tAfterCalculation":1447340259122}
,{"event":{"raceTrackId":"embedded","timeStamp":1447340259172,"a":[0,0,0],"g":[0,0,2520],"m":[0,0,0],"t":0},"acceleration":0.0,"velocity":0.0,"positionAbsolute":0.0,"positionRelative":0.0,"actorDescription":"TrackLearner power: 50, minStraightDuration: 180, minTurnDuration: 250","power":106,"trackSectionId":0,"tEvent":1447340259172,"tReceived":1447340259172,"tAfterCalculation":1447340259172}
,{"event":{"raceTrackId":"embedded","timeStamp":1447340259222,"a":[0,0,0],"g":[0,0,2309],"m":[0,0,0],"t":0},"acceleration":0.0,"velocity":0.0,"positionAbsolute":0.0,"positionRelative":0.0,"actorDescription":"TrackLearner power: 50, minStraightDuration: 180, minTurnDuration: 250","power":106,"trackSectionId":0,"tEvent":1447340259222,"tReceived":1447340259222,"tAfterCalculation":1447340259222}
,{"event":{"raceTrackId":"embedded","timeStamp":1447340259262,"a":[0,0,0],"g":[0,0,2499],"m":[0,0,0],"t":0},"acceleration":0.0,"velocity":0.0,"positionAbsolute":0.0,"positionRelative":0.0,"actorDescription":"TrackLearner power: 50, minStraightDuration: 180, minTurnDuration: 250","power":106,"trackSectionId":0,"tEvent":1447340259262,"tReceived":1447340259262,"tAfterCalculation":1447340259262}
,{"event":{"raceTrackId":"embedded","timeStamp":1447340259302,"a":[0,0,0],"g":[0,0,2532],"m":[0,0,0],"t":0},"acceleration":0.0,"velocity":0.0,"positionAbsolute":0.0,"positionRelative":0.0,"actorDescription":"TrackLearner power: 50, minStraightDuration: 180, minTurnDuration: 250","power":106,"trackSectionId":0,"tEvent":1447340259302,"tReceived":1447340259302,"tAfterCalculation":1447340259302}
,{"event":{"raceTrackId":"embedded","timeStamp":1447340259343,"a":[0,0,0],"g":[0,0,2806],"m":[0,0,0],"t":0},"acceleration":0.0,"velocity":0.0,"positionAbsolute":0.0,"positionRelative":0.0,"actorDescription":"TrackLearner power: 50, minStraightDuration: 180, minTurnDuration: 250","power":106,"trackSectionId":0,"tEvent":1447340259343,"tReceived":1447340259343,"tAfterCalculation":1447340259343}
,{"event":{"raceTrackId":"embedded","timeStamp":1447340259382,"a":[0,0,0],"g":[0,0,2244],"m":[0,0,0],"t":0},"acceleration":0.0,"velocity":0.0,"positionAbsolute":0.0,"positionRelative":0.0,"actorDescription":"TrackLearner power: 50, minStraightDuration: 180, minTurnDuration: 250","power":106,"trackSectionId":0,"tEvent":1447340259382,"tReceived":1447340259382,"tAfterCalculation":1447340259382}
,{"event":{"raceTrackId":"embedded","timeStamp":1447340259421,"a":[0,0,0],"g":[0,0,2790],"m":[0,0,0],"t":0},"acceleration":0.0,"velocity":0.0,"positionAbsolute":0.0,"positionRelative":0.0,"actorDescription":"TrackLearner power: 50, minStraightDuration: 180, minTurnDuration: 250","power":106,"trackSectionId":0,"tEvent":1447340259421,"tReceived":1447340259421,"tAfterCalculation":1447340259421}
,{"event":{"raceTrackId":"embedded","timeStamp":1447340259462,"a":[0,0,0],"g":[0,0,2822],"m":[0,0,0],"t":0},"acceleration":0.0,"velocity":0.0,"positionAbsolute":0.0,"positionRelative":0.0,"actorDescription":"TrackLearner power: 50, minStraightDuration: 180, minTurnDuration: 250","power":106,"trackSectionId":0,"tEvent":1447340259462,"tReceived":1447340259462,"tAfterCalculation":1447340259462}
,{"event":{"raceTrackId":"embedded","timeStamp":1447340259502,"a":[0,0,0],"g":[0,0,2497],"m":[0,0,0],"t":0},"acceleration":0.0,"velocity":0.0,"positionAbsolute":0.0,"positionRelative":0.0,"actorDescription":"TrackLearner power: 50, minStraightDuration: 180, minTurnDuration: 250","power":106,"trackSectionId":0,"tEvent":1447340259502,"tReceived":1447340259502,"tAfterCalculation":1447340259503}
,{"event":{"raceTrackId":"embedded","timeStamp":1447340259552,"a":[0,0,0],"g":[0,0,2379],"m":[0,0,0],"t":0},"acceleration":0.0,"velocity":0.0,"positionAbsolute":0.0,"positionRelative":0.0,"actorDescription":"TrackLearner power: 50, minStraightDuration: 180, minTurnDuration: 250","power":106,"trackSectionId":0,"tEvent":1447340259552,"tReceived":1447340259552,"tAfterCalculation":1447340259552}
,{"event":{"raceTrackId":"embedded","timeStamp":1447340259592,"a":[0,0,0],"g":[0,0,2131],"m":[0,0,0],"t":0},"acceleration":0.0,"velocity":0.0,"positionAbsolute":0.0,"positionRelative":0.0,"actorDescription":"TrackLearner power: 50, minStraightDuration: 180, minTurnDuration: 250","power":106,"trackSectionId":0,"tEvent":1447340259592,"tReceived":1447340259592,"tAfterCalculation":1447340259592}
,{"event":{"raceTrackId":"embedded","timeStamp":1447340259631,"a":[0,0,0],"g":[0,0,2359],"m":[0,0,0],"t":0},"acceleration":0.0,"velocity":0.0,"positionAbsolute":0.0,"positionRelative":0.0,"actorDescription":"TrackLearner power: 50, minStraightDuration: 180, minTurnDuration: 250","power":106,"trackSectionId":0,"tEvent":1447340259631,"tReceived":1447340259631,"tAfterCalculation":1447340259631}
,{"event":{"raceTrackId":"embedded","timeStamp":1447340259672,"a":[0,0,0],"g":[0,0,2672],"m":[0,0,0],"t":0},"acceleration":0.0,"velocity":0.0,"positionAbsolute":0.0,"positionRelative":0.0,"actorDescription":"TrackLearner power: 50, minStraightDuration: 180, minTurnDuration: 250","power":106,"trackSectionId":0,"tEvent":1447340259672,"tReceived":1447340259672,"tAfterCalculation":1447340259672}
,{"event":{"raceTrackId":"embedded","timeStamp":1447340259711,"a":[0,0,0],"g":[0,0,2629],"m":[0,0,0],"t":0},"acceleration":0.0,"velocity":0.0,"positionAbsolute":0.0,"positionRelative":0.0,"actorDescription":"TrackLearner power: 50, minStraightDuration: 180, minTurnDuration: 250","power":106,"trackSectionId":0,"tEvent":1447340259711,"tReceived":1447340259711,"tAfterCalculation":1447340259711}
,{"event":{"raceTrackId":"embedded","timeStamp":1447340259752,"a":[0,0,0],"g":[0,0,2065],"m":[0,0,0],"t":0},"acceleration":0.0,"velocity":0.0,"positionAbsolute":0.0,"positionRelative":0.0,"actorDescription":"TrackLearner power: 50, minStraightDuration: 180, minTurnDuration: 250","power":106,"trackSectionId":0,"tEvent":1447340259752,"tReceived":1447340259753,"tAfterCalculation":1447340259753}
,{"event":{"raceTrackId":"embedded","timeStamp":1447340259793,"a":[0,0,0],"g":[0,0,1801],"m":[0,0,0],"t":0},"acceleration":0.0,"velocity":0.0,"positionAbsolute":0.0,"positionRelative":0.0,"actorDescription":"TrackLearner power: 50, minStraightDuration: 180, minTurnDuration: 250","power":106,"trackSectionId":0,"tEvent":1447340259793,"tReceived":1447340259793,"tAfterCalculation":1447340259793}
,{"event":{"raceTrackId":"embedded","timeStamp":1447340259842,"a":[0,0,0],"g":[0,0,2675],"m":[0,0,0],"t":0},"acceleration":0.0,"velocity":0.0,"positionAbsolute":0.0,"positionRelative":0.0,"actorDescription":"TrackLearner power: 50, minStraightDuration: 180, minTurnDuration: 250","power":106,"trackSectionId":0,"tEvent":1447340259842,"tReceived":1447340259842,"tAfterCalculation":1447340259842}
,{"event":{"raceTrackId":"embedded","timeStamp":1447340259892,"a":[0,0,0],"g":[0,0,2192],"m":[0,0,0],"t":0},"acceleration":0.0,"velocity":0.0,"positionAbsolute":0.0,"positionRelative":0.0,"actorDescription":"TrackLearner power: 50, minStraightDuration: 180, minTurnDuration: 250","power":106,"trackSectionId":0,"tEvent":1447340259892,"tReceived":1447340259893,"tAfterCalculation":1447340259893}
,{"event":{"raceTrackId":"embedded","timeStamp":1447340259931,"a":[0,0,0],"g":[0,0,1915],"m":[0,0,0],"t":0},"acceleration":0.0,"velocity":0.0,"positionAbsolute":0.0,"positionRelative":0.0,"actorDescription":"TrackLearner power: 50, minStraightDuration: 180, minTurnDuration: 250","power":106,"trackSectionId":0,"tEvent":1447340259931,"tReceived":1447340259931,"tAfterCalculation":1447340259931}
,{"event":{"raceTrackId":"embedded","timeStamp":1447340259972,"a":[0,0,0],"g":[0,0,1429],"m":[0,0,0],"t":0},"acceleration":0.0,"velocity":0.0,"positionAbsolute":0.0,"positionRelative":0.0,"actorDescription":"TrackLearner power: 50, minStraightDuration: 180, minTurnDuration: 250","power":106,"trackSectionId":0,"tEvent":1447340259972,"tReceived":1447340259972,"tAfterCalculation":1447340259972}
,{"event":{"raceTrackId":"embedded","timeStamp":1447340260012,"a":[0,0,0],"g":[0,0,1869],"m":[0,0,0],"t":0},"acceleration":0.0,"velocity":0.0,"positionAbsolute":0.0,"positionRelative":0.0,"actorDescription":"TrackLearner power: 50, minStraightDuration: 180, minTurnDuration: 250","power":106,"trackSectionId":0,"tEvent":1447340260012,"tReceived":1447340260012,"tAfterCalculation":1447340260012}
,{"event":{"raceTrackId":"embedded","timeStamp":1447340260052,"a":[0,0,0],"g":[0,0,1260],"m":[0,0,0],"t":0},"acceleration":0.0,"velocity":0.0,"positionAbsolute":0.0,"positionRelative":0.0,"actorDescription":"TrackLearner power: 50, minStraightDuration: 180, minTurnDuration: 250","power":106,"trackSectionId":0,"tEvent":1447340260052,"tReceived":1447340260052,"tAfterCalculation":1447340260052}
,{"event":{"raceTrackId":"embedded","timeStamp":1447340260102,"a":[0,0,0],"g":[0,0,735],"m":[0,0,0],"t":0},"acceleration":0.0,"velocity":0.0,"positionAbsolute":0.0,"positionRelative":0.0,"actorDescription":"TrackLearner power: 50, minStraightDuration: 180, minTurnDuration: 250","power":106,"trackSectionId":0,"tEvent":1447340260102,"tReceived":1447340260102,"tAfterCalculation":1447340260103}
,{"event":{"raceTrackId":"embedded","timeStamp":1447340260141,"a":[0,0,0],"g":[0,0,420],"m":[0,0,0],"t":0},"acceleration":0.0,"velocity":0.0,"positionAbsolute":0.0,"positionRelative":0.0,"actorDescription":"TrackLearner power: 50, minStraightDuration: 180, minTurnDuration: 250","power":106,"trackSectionId":0,"tEvent":1447340260141,"tReceived":1447340260141,"tAfterCalculation":1447340260141}
,{"event":{"raceTrackId":"embedded","timeStamp":1447340260182,"a":[0,0,0],"g":[0,0,241],"m":[0,0,0],"t":0},"acceleration":0.0,"velocity":0.0,"positionAbsolute":0.0,"positionRelative":0.0,"actorDescription":"TrackLearner power: 50, minStraightDuration: 180, minTurnDuration: 250","power":106,"trackSectionId":0,"tEvent":1447340260182,"tReceived":1447340260182,"tAfterCalculation":1447340260182}
,{"event":{"raceTrackId":"embedded","timeStamp":1447340260233,"a":[0,0,0],"g":[0,0,-154],"m":[0,0,0],"t":0},"acceleration":0.0,"velocity":0.0,"positionAbsolute":0.0,"positionRelative":0.0,"actorDescription":"TrackLearner power: 50, minStraightDuration: 180, minTurnDuration: 250","power":106,"trackSectionId":0,"tEvent":1447340260233,"tReceived":1447340260233,"tAfterCalculation":1447340260233}
,{"event":{"raceTrackId":"embedded","timeStamp":1447340260272,"a":[0,0,0],"g":[0,0,-4],"m":[0,0,0],"t":0},"acceleration":0.0,"velocity":0.0,"positionAbsolute":0.0,"positionRelative":0.0,"actorDescription":"TrackLearner power: 50, minStraightDuration: 180, minTurnDuration: 250","power":106,"trackSectionId":0,"tEvent":1447340260272,"tReceived":1447340260272,"tAfterCalculation":1447340260272}
,{"event":{"raceTrackId":"embedded","timeStamp":1447340260323,"a":[0,0,0],"g":[0,0,164],"m":[0,0,0],"t":0},"acceleration":0.0,"velocity":0.0,"positionAbsolute":0.0,"positionRelative":0.0,"actorDescription":"TrackLearner power: 50, minStraightDuration: 180, minTurnDuration: 250","power":106,"trackSectionId":0,"tEvent":1447340260323,"tReceived":1447340260323,"tAfterCalculation":1447340260323}
,{"event":{"raceTrackId":"embedded","timeStamp":1447340260371,"a":[0,0,0],"g":[0,0,15],"m":[0,0,0],"t":0},"acceleration":0.0,"velocity":0.0,"positionAbsolute":0.0,"positionRelative":0.0,"actorDescription":"TrackLearner power: 50, minStraightDuration: 180, minTurnDuration: 250","power":106,"trackSectionId":0,"tEvent":1447340260371,"tReceived":1447340260371,"tAfterCalculation":1447340260371}
,{"event":{"raceTrackId":"embedded","timeStamp":1447340260412,"a":[0,0,0],"g":[0,0,-11],"m":[0,0,0],"t":0},"acceleration":0.0,"velocity":0.0,"positionAbsolute":0.0,"positionRelative":0.0,"actorDescription":"TrackLearner power: 50, minStraightDuration: 180, minTurnDuration: 250","power":106,"trackSectionId":0,"tEvent":1447340260412,"tReceived":1447340260412,"tAfterCalculation":1447340260412}
,{"event":{"raceTrackId":"embedded","timeStamp":1447340260462,"a":[0,0,0],"g":[0,0,258],"m":[0,0,0],"t":0},"acceleration":0.0,"velocity":0.0,"positionAbsolute":0.0,"positionRelative":0.0,"actorDescription":"TrackLearner power: 50, minStraightDuration: 180, minTurnDuration: 250","power":106,"trackSectionId":0,"tEvent":1447340260462,"tReceived":1447340260462,"tAfterCalculation":1447340260462}
,{"event":{"raceTrackId":"embedded","timeStamp":1447340260502,"a":[0,0,0],"g":[0,0,22],"m":[0,0,0],"t":0},"acceleration":0.0,"velocity":0.0,"positionAbsolute":0.0,"positionRelative":0.0,"actorDescription":"TrackLearner power: 50, minStraightDuration: 180, minTurnDuration: 250","power":106,"trackSectionId":0,"tEvent":1447340260502,"tReceived":1447340260502,"tAfterCalculation":1447340260502}
,{"event":{"raceTrackId":"embedded","timeStamp":1447340260543,"a":[0,0,0],"g":[0,0,94],"m":[0,0,0],"t":0},"acceleration":0.0,"velocity":0.0,"positionAbsolute":0.0,"positionRelative":0.0,"actorDescription":"TrackLearner power: 50, minStraightDuration: 180, minTurnDuration: 250","power":106,"trackSectionId":0,"tEvent":1447340260543,"tReceived":1447340260543,"tAfterCalculation":1447340260543}
,{"event":{"raceTrackId":"embedded","timeStamp":1447340260583,"a":[0,0,0],"g":[0,0,232],"m":[0,0,0],"t":0},"acceleration":0.0,"velocity":0.0,"positionAbsolute":0.0,"positionRelative":0.0,"actorDescription":"TrackLearner power: 50, minStraightDuration: 180, minTurnDuration: 250","power":106,"trackSectionId":0,"tEvent":1447340260583,"tReceived":1447340260583,"tAfterCalculation":1447340260583}
,{"event":{"raceTrackId":"embedded","timeStamp":1447340260622,"a":[0,0,0],"g":[0,0,56],"m":[0,0,0],"t":0},"acceleration":0.0,"velocity":0.0,"positionAbsolute":0.0,"positionRelative":0.0,"actorDescription":"TrackLearner power: 50, minStraightDuration: 180, minTurnDuration: 250","power":106,"trackSectionId":0,"tEvent":1447340260622,"tReceived":1447340260622,"tAfterCalculation":1447340260622}
,{"event":{"raceTrackId":"embedded","timeStamp":1447340260662,"a":[0,0,0],"g":[0,0,323],"m":[0,0,0],"t":0},"acceleration":0.0,"velocity":0.0,"positionAbsolute":0.0,"positionRelative":0.0,"actorDescription":"TrackLearner power: 50, minStraightDuration: 180, minTurnDuration: 250","power":106,"trackSectionId":0,"tEvent":1447340260662,"tReceived":1447340260662,"tAfterCalculation":1447340260662}
,{"event":{"raceTrackId":"embedded","timeStamp":1447340260702,"a":[0,0,0],"g":[0,0,72],"m":[0,0,0],"t":0},"acceleration":0.0,"velocity":0.0,"positionAbsolute":0.0,"positionRelative":0.0,"actorDescription":"TrackLearner power: 50, minStraightDuration: 180, minTurnDuration: 250","power":106,"trackSectionId":0,"tEvent":1447340260702,"tReceived":1447340260703,"tAfterCalculation":1447340260703}
,{"event":{"raceTrackId":"embedded","timeStamp":1447340260741,"a":[0,0,0],"g":[0,0,179],"m":[0,0,0],"t":0},"acceleration":0.0,"velocity":0.0,"positionAbsolute":0.0,"positionRelative":0.0,"actorDescription":"TrackLearner power: 50, minStraightDuration: 180, minTurnDuration: 250","power":106,"trackSectionId":0,"tEvent":1447340260741,"tReceived":1447340260741,"tAfterCalculation":1447340260741}
,{"event":{"raceTrackId":"embedded","timeStamp":1447340260782,"a":[0,0,0],"g":[0,0,4],"m":[0,0,0],"t":0},"acceleration":0.0,"velocity":0.0,"positionAbsolute":0.0,"positionRelative":0.0,"actorDescription":"TrackLearner power: 50, minStraightDuration: 180, minTurnDuration: 250","power":106,"trackSectionId":0,"tEvent":1447340260782,"tReceived":1447340260782,"tAfterCalculation":1447340260782}
,{"event":{"raceTrackId":"embedded","timeStamp":1447340260822,"a":[0,0,0],"g":[0,0,96],"m":[0,0,0],"t":0},"acceleration":0.0,"velocity":0.0,"positionAbsolute":0.0,"positionRelative":0.0,"actorDescription":"TrackLearner power: 50, minStraightDuration: 180, minTurnDuration: 250","power":106,"trackSectionId":0,"tEvent":1447340260822,"tReceived":1447340260822,"tAfterCalculation":1447340260822}
,{"event":{"raceTrackId":"embedded","timeStamp":1447340260861,"a":[0,0,0],"g":[0,0,-93],"m":[0,0,0],"t":0},"acceleration":0.0,"velocity":0.0,"positionAbsolute":0.0,"positionRelative":0.0,"actorDescription":"TrackLearner power: 50, minStraightDuration: 180, minTurnDuration: 250","power":106,"trackSectionId":0,"tEvent":1447340260861,"tReceived":1447340260862,"tAfterCalculation":1447340260862}
,{"event":{"raceTrackId":"embedded","timeStamp":1447340260911,"a":[0,0,0],"g":[0,0,-9],"m":[0,0,0],"t":0},"acceleration":0.0,"velocity":0.0,"positionAbsolute":0.0,"positionRelative":0.0,"actorDescription":"TrackLearner power: 50, minStraightDuration: 180, minTurnDuration: 250","power":106,"trackSectionId":0,"tEvent":1447340260911,"tReceived":1447340260911,"tAfterCalculation":1447340260911}
,{"event":{"raceTrackId":"embedded","timeStamp":1447340260962,"a":[0,0,0],"g":[0,0,51],"m":[0,0,0],"t":0},"acceleration":0.0,"velocity":0.0,"positionAbsolute":0.0,"positionRelative":0.0,"actorDescription":"TrackLearner power: 50, minStraightDuration: 180, minTurnDuration: 250","power":106,"trackSectionId":0,"tEvent":1447340260962,"tReceived":1447340260962,"tAfterCalculation":1447340260962}
,{"event":{"raceTrackId":"embedded","timeStamp":1447340261002,"a":[0,0,0],"g":[0,0,-111],"m":[0,0,0],"t":0},"acceleration":0.0,"velocity":0.0,"positionAbsolute":0.0,"positionRelative":0.0,"actorDescription":"TrackLearner power: 50, minStraightDuration: 180, minTurnDuration: 250","power":106,"trackSectionId":0,"tEvent":1447340261002,"tReceived":1447340261002,"tAfterCalculation":1447340261002}
,{"event":{"raceTrackId":"embedded","timeStamp":1447340261041,"a":[0,0,0],"g":[0,0,-66],"m":[0,0,0],"t":0},"acceleration":0.0,"velocity":0.0,"positionAbsolute":0.0,"positionRelative":0.0,"actorDescription":"TrackLearner power: 50, minStraightDuration: 180, minTurnDuration: 250","power":106,"trackSectionId":0,"tEvent":1447340261041,"tReceived":1447340261042,"tAfterCalculation":1447340261042}
,{"event":{"raceTrackId":"embedded","timeStamp":1447340261081,"a":[0,0,0],"g":[0,0,275],"m":[0,0,0],"t":0},"acceleration":0.0,"velocity":0.0,"positionAbsolute":0.0,"positionRelative":0.0,"actorDescription":"TrackLearner power: 50, minStraightDuration: 180, minTurnDuration: 250","power":106,"trackSectionId":0,"tEvent":1447340261081,"tReceived":1447340261081,"tAfterCalculation":1447340261081}
,{"event":{"raceTrackId":"embedded","timeStamp":1447340261132,"a":[0,0,0],"g":[0,0,23],"m":[0,0,0],"t":0},"acceleration":0.0,"velocity":0.0,"positionAbsolute":0.0,"positionRelative":0.0,"actorDescription":"TrackLearner power: 50, minStraightDuration: 180, minTurnDuration: 250","power":106,"trackSectionId":0,"tEvent":1447340261132,"tReceived":1447340261132,"tAfterCalculation":1447340261132}
,{"event":{"raceTrackId":"embedded","timeStamp":1447340261182,"a":[0,0,0],"g":[0,0,-242],"m":[0,0,0],"t":0},"acceleration":0.0,"velocity":0.0,"positionAbsolute":0.0,"positionRelative":0.0,"actorDescription":"TrackLearner power: 50, minStraightDuration: 180, minTurnDuration: 250","power":106,"trackSectionId":0,"tEvent":1447340261182,"tReceived":1447340261182,"tAfterCalculation":1447340261182}
,{"event":{"raceTrackId":"embedded","timeStamp":1447340261231,"a":[0,0,0],"g":[0,0,105],"m":[0,0,0],"t":0},"acceleration":0.0,"velocity":0.0,"positionAbsolute":0.0,"positionRelative":0.0,"actorDescription":"TrackLearner power: 50, minStraightDuration: 180, minTurnDuration: 250","power":106,"trackSectionId":0,"tEvent":1447340261231,"tReceived":1447340261231,"tAfterCalculation":1447340261231}
,{"event":{"raceTrackId":"embedded","timeStamp":1447340261281,"a":[0,0,0],"g":[0,0,41],"m":[0,0,0],"t":0},"acceleration":0.0,"velocity":0.0,"positionAbsolute":0.0,"positionRelative":0.0,"actorDescription":"TrackLearner power: 50, minStraightDuration: 180, minTurnDuration: 250","power":106,"trackSectionId":0,"tEvent":1447340261281,"tReceived":1447340261281,"tAfterCalculation":1447340261281}
,{"event":{"raceTrackId":"embedded","timeStamp":1447340261332,"a":[0,0,0],"g":[0,0,-54],"m":[0,0,0],"t":0},"acceleration":0.0,"velocity":0.0,"positionAbsolute":0.0,"positionRelative":0.0,"actorDescription":"TrackLearner power: 50, minStraightDuration: 180, minTurnDuration: 250","power":106,"trackSectionId":0,"tEvent":1447340261332,"tReceived":1447340261332,"tAfterCalculation":1447340261332}
,{"event":{"raceTrackId":"embedded","timeStamp":1447340261372,"a":[0,0,0],"g":[0,0,-79],"m":[0,0,0],"t":0},"acceleration":0.0,"velocity":0.0,"positionAbsolute":0.0,"positionRelative":0.0,"actorDescription":"TrackLearner power: 50, minStraightDuration: 180, minTurnDuration: 250","power":106,"trackSectionId":0,"tEvent":1447340261372,"tReceived":1447340261372,"tAfterCalculation":1447340261372}
,{"event":{"raceTrackId":"embedded","timeStamp":1447340261422,"a":[0,0,0],"g":[0,0,71],"m":[0,0,0],"t":0},"acceleration":0.0,"velocity":0.0,"positionAbsolute":0.0,"positionRelative":0.0,"actorDescription":"TrackLearner power: 50, minStraightDuration: 180, minTurnDuration: 250","power":106,"trackSectionId":0,"tEvent":1447340261422,"tReceived":1447340261422,"tAfterCalculation":1447340261422}
,{"event":{"raceTrackId":"embedded","timeStamp":1447340261462,"a":[0,0,0],"g":[0,0,51],"m":[0,0,0],"t":0},"acceleration":0.0,"velocity":0.0,"positionAbsolute":0.0,"positionRelative":0.0,"actorDescription":"TrackLearner power: 50, minStraightDuration: 180, minTurnDuration: 250","power":106,"trackSectionId":0,"tEvent":1447340261462,"tReceived":1447340261462,"tAfterCalculation":1447340261462}
,{"event":{"raceTrackId":"embedded","timeStamp":1447340261512,"a":[0,0,0],"g":[0,0,-128],"m":[0,0,0],"t":0},"acceleration":0.0,"velocity":0.0,"positionAbsolute":0.0,"positionRelative":0.0,"actorDescription":"TrackLearner power: 50, minStraightDuration: 180, minTurnDuration: 250","power":106,"trackSectionId":0,"tEvent":1447340261512,"tReceived":1447340261512,"tAfterCalculation":1447340261512}
,{"event":{"raceTrackId":"embedded","timeStamp":1447340261552,"a":[0,0,0],"g":[0,0,40],"m":[0,0,0],"t":0},"acceleration":0.0,"velocity":0.0,"positionAbsolute":0.0,"positionRelative":0.0,"actorDescription":"TrackLearner power: 50, minStraightDuration: 180, minTurnDuration: 250","power":106,"trackSectionId":0,"tEvent":1447340261552,"tReceived":1447340261552,"tAfterCalculation":1447340261552}
,{"event":{"raceTrackId":"embedded","timeStamp":1447340261592,"a":[0,0,0],"g":[0,0,-125],"m":[0,0,0],"t":0},"acceleration":0.0,"velocity":0.0,"positionAbsolute":0.0,"positionRelative":0.0,"actorDescription":"TrackLearner power: 50, minStraightDuration: 180, minTurnDuration: 250","power":106,"trackSectionId":0,"tEvent":1447340261592,"tReceived":1447340261592,"tAfterCalculation":1447340261592}
,{"event":{"raceTrackId":"embedded","timeStamp":1447340261632,"a":[0,0,0],"g":[0,0,226],"m":[0,0,0],"t":0},"acceleration":0.0,"velocity":0.0,"positionAbsolute":0.0,"positionRelative":0.0,"actorDescription":"TrackLearner power: 50, minStraightDuration: 180, minTurnDuration: 250","power":106,"trackSectionId":0,"tEvent":1447340261632,"tReceived":1447340261632,"tAfterCalculation":1447340261632}
,{"event":{"raceTrackId":"embedded","timeStamp":1447340261683,"a":[0,0,0],"g":[0,0,-100],"m":[0,0,0],"t":0},"acceleration":0.0,"velocity":0.0,"positionAbsolute":0.0,"positionRelative":0.0,"actorDescription":"TrackLearner power: 50, minStraightDuration: 180, minTurnDuration: 250","power":106,"trackSectionId":0,"tEvent":1447340261683,"tReceived":1447340261683,"tAfterCalculation":1447340261683}
,{"event":{"raceTrackId":"embedded","timeStamp":1447340261722,"a":[0,0,0],"g":[0,0,-58],"m":[0,0,0],"t":0},"acceleration":0.0,"velocity":0.0,"positionAbsolute":0.0,"positionRelative":0.0,"actorDescription":"TrackLearner power: 50, minStraightDuration: 180, minTurnDuration: 250","power":106,"trackSectionId":0,"tEvent":1447340261722,"tReceived":1447340261722,"tAfterCalculation":1447340261722}
,{"event":{"raceTrackId":"embedded","timeStamp":1447340261752,"a":[0,0,0],"g":[0,0,28],"m":[0,0,0],"t":0},"acceleration":0.0,"velocity":0.0,"positionAbsolute":0.0,"positionRelative":0.0,"actorDescription":"TrackLearner power: 50, minStraightDuration: 180, minTurnDuration: 250","power":106,"trackSectionId":0,"tEvent":1447340261752,"tReceived":1447340261752,"tAfterCalculation":1447340261752}
,{"event":{"raceTrackId":"embedded","timeStamp":1447340261791,"a":[0,0,0],"g":[0,0,219],"m":[0,0,0],"t":0},"acceleration":0.0,"velocity":0.0,"positionAbsolute":0.0,"positionRelative":0.0,"actorDescription":"TrackLearner power: 50, minStraightDuration: 180, minTurnDuration: 250","power":106,"trackSectionId":0,"tEvent":1447340261791,"tReceived":1447340261791,"tAfterCalculation":1447340261791}
,{"event":{"raceTrackId":"embedded","timeStamp":1447340261832,"a":[0,0,0],"g":[0,0,-126],"m":[0,0,0],"t":0},"acceleration":0.0,"velocity":0.0,"positionAbsolute":0.0,"positionRelative":0.0,"actorDescription":"TrackLearner power: 50, minStraightDuration: 180, minTurnDuration: 250","power":106,"trackSectionId":0,"tEvent":1447340261832,"tReceived":1447340261832,"tAfterCalculation":1447340261832}
,{"event":{"raceTrackId":"embedded","timeStamp":1447340261881,"a":[0,0,0],"g":[0,0,224],"m":[0,0,0],"t":0},"acceleration":0.0,"velocity":0.0,"positionAbsolute":0.0,"positionRelative":0.0,"actorDescription":"TrackLearner power: 50, minStraightDuration: 180, minTurnDuration: 250","power":106,"trackSectionId":0,"tEvent":1447340261881,"tReceived":1447340261881,"tAfterCalculation":1447340261881}
,{"event":{"raceTrackId":"embedded","timeStamp":1447340261932,"a":[0,0,0],"g":[0,0,157],"m":[0,0,0],"t":0},"acceleration":0.0,"velocity":0.0,"positionAbsolute":0.0,"positionRelative":0.0,"actorDescription":"TrackLearner power: 50, minStraightDuration: 180, minTurnDuration: 250","power":106,"trackSectionId":0,"tEvent":1447340261932,"tReceived":1447340261932,"tAfterCalculation":1447340261932}
,{"event":{"raceTrackId":"embedded","timeStamp":1447340261971,"a":[0,0,0],"g":[0,0,-9],"m":[0,0,0],"t":0},"acceleration":0.0,"velocity":0.0,"positionAbsolute":0.0,"positionRelative":0.0,"actorDescription":"TrackLearner power: 50, minStraightDuration: 180, minTurnDuration: 250","power":106,"trackSectionId":0,"tEvent":1447340261971,"tReceived":1447340261971,"tAfterCalculation":1447340261971}
,{"event":{"raceTrackId":"embedded","timeStamp":1447340262012,"a":[0,0,0],"g":[0,0,144],"m":[0,0,0],"t":0},"acceleration":0.0,"velocity":0.0,"positionAbsolute":0.0,"positionRelative":0.0,"actorDescription":"TrackLearner power: 50, minStraightDuration: 180, minTurnDuration: 250","power":106,"trackSectionId":0,"tEvent":1447340262012,"tReceived":1447340262012,"tAfterCalculation":1447340262012}
,{"event":{"raceTrackId":"embedded","timeStamp":1447340262053,"a":[0,0,0],"g":[0,0,138],"m":[0,0,0],"t":0},"acceleration":0.0,"velocity":0.0,"positionAbsolute":0.0,"positionRelative":0.0,"actorDescription":"TrackLearner power: 50, minStraightDuration: 180, minTurnDuration: 250","power":106,"trackSectionId":0,"tEvent":1447340262053,"tReceived":1447340262053,"tAfterCalculation":1447340262053}
,{"event":{"raceTrackId":"embedded","timeStamp":1447340262102,"a":[0,0,0],"g":[0,0,-15],"m":[0,0,0],"t":0},"acceleration":0.0,"velocity":0.0,"positionAbsolute":0.0,"positionRelative":0.0,"actorDescription":"TrackLearner power: 50, minStraightDuration: 180, minTurnDuration: 250","power":106,"trackSectionId":0,"tEvent":1447340262102,"tReceived":1447340262102,"tAfterCalculation":1447340262102}
,{"event":{"raceTrackId":"embedded","timeStamp":1447340262153,"a":[0,0,0],"g":[0,0,-3],"m":[0,0,0],"t":0},"acceleration":0.0,"velocity":0.0,"positionAbsolute":0.0,"positionRelative":0.0,"actorDescription":"TrackLearner power: 50, minStraightDuration: 180, minTurnDuration: 250","power":106,"trackSectionId":0,"tEvent":1447340262153,"tReceived":1447340262153,"tAfterCalculation":1447340262153}
,{"event":{"raceTrackId":"embedded","timeStamp":1447340262192,"a":[0,0,0],"g":[0,0,-122],"m":[0,0,0],"t":0},"acceleration":0.0,"velocity":0.0,"positionAbsolute":0.0,"positionRelative":0.0,"actorDescription":"TrackLearner power: 50, minStraightDuration: 180, minTurnDuration: 250","power":106,"trackSectionId":0,"tEvent":1447340262192,"tReceived":1447340262192,"tAfterCalculation":1447340262192}
,{"event":{"raceTrackId":"embedded","timeStamp":1447340262242,"a":[0,0,0],"g":[0,0,-301],"m":[0,0,0],"t":0},"acceleration":0.0,"velocity":0.0,"positionAbsolute":0.0,"positionRelative":0.0,"actorDescription":"TrackLearner power: 50, minStraightDuration: 180, minTurnDuration: 250","power":106,"trackSectionId":0,"tEvent":1447340262242,"tReceived":1447340262242,"tAfterCalculation":1447340262242}
,{"event":{"raceTrackId":"embedded","timeStamp":1447340262282,"a":[0,0,0],"g":[0,0,167],"m":[0,0,0],"t":0},"acceleration":0.0,"velocity":0.0,"positionAbsolute":0.0,"positionRelative":0.0,"actorDescription":"TrackLearner power: 50, minStraightDuration: 180, minTurnDuration: 250","power":106,"trackSectionId":0,"tEvent":1447340262282,"tReceived":1447340262282,"tAfterCalculation":1447340262282}
,{"event":{"raceTrackId":"embedded","timeStamp":1447340262333,"a":[0,0,0],"g":[0,0,269],"m":[0,0,0],"t":0},"acceleration":0.0,"velocity":0.0,"positionAbsolute":0.0,"positionRelative":0.0,"actorDescription":"TrackLearner power: 50, minStraightDuration: 180, minTurnDuration: 250","power":106,"trackSectionId":0,"tEvent":1447340262333,"tReceived":1447340262333,"tAfterCalculation":1447340262333}
,{"event":{"raceTrackId":"embedded","timeStamp":1447340262381,"a":[0,0,0],"g":[0,0,-90],"m":[0,0,0],"t":0},"acceleration":0.0,"velocity":0.0,"positionAbsolute":0.0,"positionRelative":0.0,"actorDescription":"TrackLearner power: 50, minStraightDuration: 180, minTurnDuration: 250","power":106,"trackSectionId":0,"tEvent":1447340262381,"tReceived":1447340262381,"tAfterCalculation":1447340262381}
,{"event":{"raceTrackId":"embedded","timeStamp":1447340262422,"a":[0,0,0],"g":[0,0,95],"m":[0,0,0],"t":0},"acceleration":0.0,"velocity":0.0,"positionAbsolute":0.0,"positionRelative":0.0,"actorDescription":"TrackLearner power: 50, minStraightDuration: 180, minTurnDuration: 250","power":106,"trackSectionId":0,"tEvent":1447340262422,"tReceived":1447340262422,"tAfterCalculation":1447340262422}
,{"event":{"raceTrackId":"embedded","timeStamp":1447340262473,"a":[0,0,0],"g":[0,0,40],"m":[0,0,0],"t":0},"acceleration":0.0,"velocity":0.0,"positionAbsolute":0.0,"positionRelative":0.0,"actorDescription":"TrackLearner power: 50, minStraightDuration: 180, minTurnDuration: 250","power":106,"trackSectionId":0,"tEvent":1447340262473,"tReceived":1447340262473,"tAfterCalculation":1447340262473}
,{"event":{"raceTrackId":"embedded","timeStamp":1447340262523,"a":[0,0,0],"g":[0,0,106],"m":[0,0,0],"t":0},"acceleration":0.0,"velocity":0.0,"positionAbsolute":0.0,"positionRelative":0.0,"actorDescription":"TrackLearner power: 50, minStraightDuration: 180, minTurnDuration: 250","power":106,"trackSectionId":0,"tEvent":1447340262523,"tReceived":1447340262523,"tAfterCalculation":1447340262523}
,{"event":{"raceTrackId":"embedded","timeStamp":1447340262572,"a":[0,0,0],"g":[0,0,125],"m":[0,0,0],"t":0},"acceleration":0.0,"velocity":0.0,"positionAbsolute":0.0,"positionRelative":0.0,"actorDescription":"TrackLearner power: 50, minStraightDuration: 180, minTurnDuration: 250","power":106,"trackSectionId":0,"tEvent":1447340262572,"tReceived":1447340262572,"tAfterCalculation":1447340262572}
,{"event":{"raceTrackId":"embedded","timeStamp":1447340262622,"a":[0,0,0],"g":[0,0,-125],"m":[0,0,0],"t":0},"acceleration":0.0,"velocity":0.0,"positionAbsolute":0.0,"positionRelative":0.0,"actorDescription":"TrackLearner power: 50, minStraightDuration: 180, minTurnDuration: 250","power":106,"trackSectionId":0,"tEvent":1447340262622,"tReceived":1447340262622,"tAfterCalculation":1447340262622}
,{"event":{"raceTrackId":"embedded","timeStamp":1447340262662,"a":[0,0,0],"g":[0,0,99],"m":[0,0,0],"t":0},"acceleration":0.0,"velocity":0.0,"positionAbsolute":0.0,"positionRelative":0.0,"actorDescription":"TrackLearner power: 50, minStraightDuration: 180, minTurnDuration: 250","power":106,"trackSectionId":0,"tEvent":1447340262662,"tReceived":1447340262662,"tAfterCalculation":1447340262662}
,{"event":{"raceTrackId":"embedded","timeStamp":1447340262702,"a":[0,0,0],"g":[0,0,-83],"m":[0,0,0],"t":0},"acceleration":0.0,"velocity":0.0,"positionAbsolute":0.0,"positionRelative":0.0,"actorDescription":"TrackLearner power: 50, minStraightDuration: 180, minTurnDuration: 250","power":106,"trackSectionId":0,"tEvent":1447340262702,"tReceived":1447340262702,"tAfterCalculation":1447340262702}
,{"event":{"raceTrackId":"embedded","timeStamp":1447340262753,"a":[0,0,0],"g":[0,0,10],"m":[0,0,0],"t":0},"acceleration":0.0,"velocity":0.0,"positionAbsolute":0.0,"positionRelative":0.0,"actorDescription":"TrackLearner power: 50, minStraightDuration: 180, minTurnDuration: 250","power":106,"trackSectionId":0,"tEvent":1447340262753,"tReceived":1447340262753,"tAfterCalculation":1447340262753}
,{"event":{"raceTrackId":"embedded","timeStamp":1447340262792,"a":[0,0,0],"g":[0,0,196],"m":[0,0,0],"t":0},"acceleration":0.0,"velocity":0.0,"positionAbsolute":0.0,"positionRelative":0.0,"actorDescription":"TrackLearner power: 50, minStraightDuration: 180, minTurnDuration: 250","power":106,"trackSectionId":0,"tEvent":1447340262792,"tReceived":1447340262792,"tAfterCalculation":1447340262792}
,{"event":{"raceTrackId":"embedded","timeStamp":1447340262831,"a":[0,0,0],"g":[0,0,176],"m":[0,0,0],"t":0},"acceleration":0.0,"velocity":0.0,"positionAbsolute":0.0,"positionRelative":0.0,"actorDescription":"TrackLearner power: 50, minStraightDuration: 180, minTurnDuration: 250","power":106,"trackSectionId":0,"tEvent":1447340262831,"tReceived":1447340262831,"tAfterCalculation":1447340262831}
,{"event":{"raceTrackId":"embedded","timeStamp":1447340262871,"a":[0,0,0],"g":[0,0,118],"m":[0,0,0],"t":0},"acceleration":0.0,"velocity":0.0,"positionAbsolute":0.0,"positionRelative":0.0,"actorDescription":"TrackLearner power: 50, minStraightDuration: 180, minTurnDuration: 250","power":106,"trackSectionId":0,"tEvent":1447340262871,"tReceived":1447340262871,"tAfterCalculation":1447340262871}
,{"event":{"raceTrackId":"embedded","timeStamp":1447340262912,"a":[0,0,0],"g":[0,0,23],"m":[0,0,0],"t":0},"acceleration":0.0,"velocity":0.0,"positionAbsolute":0.0,"positionRelative":0.0,"actorDescription":"TrackLearner power: 50, minStraightDuration: 180, minTurnDuration: 250","power":106,"trackSectionId":0,"tEvent":1447340262912,"tReceived":1447340262912,"tAfterCalculation":1447340262912}
,{"event":{"raceTrackId":"embedded","timeStamp":1447340262952,"a":[0,0,0],"g":[0,0,-148],"m":[0,0,0],"t":0},"acceleration":0.0,"velocity":0.0,"positionAbsolute":0.0,"positionRelative":0.0,"actorDescription":"TrackLearner power: 50, minStraightDuration: 180, minTurnDuration: 250","power":106,"trackSectionId":0,"tEvent":1447340262952,"tReceived":1447340262952,"tAfterCalculation":1447340262952}
,{"event":{"raceTrackId":"embedded","timeStamp":1447340262991,"a":[0,0,0],"g":[0,0,584],"m":[0,0,0],"t":0},"acceleration":0.0,"velocity":0.0,"positionAbsolute":0.0,"positionRelative":0.0,"actorDescription":"TrackLearner power: 50, minStraightDuration: 180, minTurnDuration: 250","power":106,"trackSectionId":0,"tEvent":1447340262991,"tReceived":1447340262991,"tAfterCalculation":1447340262991}
,{"event":{"raceTrackId":"embedded","timeStamp":1447340263041,"a":[0,0,0],"g":[0,0,1328],"m":[0,0,0],"t":0},"acceleration":0.0,"velocity":0.0,"positionAbsolute":0.0,"positionRelative":0.0,"actorDescription":"TrackLearner power: 50, minStraightDuration: 180, minTurnDuration: 250","power":106,"trackSectionId":0,"tEvent":1447340263041,"tReceived":1447340263041,"tAfterCalculation":1447340263041}
,{"event":{"raceTrackId":"embedded","timeStamp":1447340263082,"a":[0,0,0],"g":[0,0,1291],"m":[0,0,0],"t":0},"acceleration":0.0,"velocity":0.0,"positionAbsolute":0.0,"positionRelative":0.0,"actorDescription":"TrackLearner power: 50, minStraightDuration: 180, minTurnDuration: 250","power":106,"trackSectionId":0,"tEvent":1447340263082,"tReceived":1447340263083,"tAfterCalculation":1447340263083}
,{"event":{"raceTrackId":"embedded","timeStamp":1447340263131,"a":[0,0,0],"g":[0,0,1397],"m":[0,0,0],"t":0},"acceleration":0.0,"velocity":0.0,"positionAbsolute":0.0,"positionRelative":0.0,"actorDescription":"TrackLearner power: 50, minStraightDuration: 180, minTurnDuration: 250","power":106,"trackSectionId":0,"tEvent":1447340263131,"tReceived":1447340263131,"tAfterCalculation":1447340263131}
,{"event":{"raceTrackId":"embedded","timeStamp":1447340263182,"a":[0,0,0],"g":[0,0,2430],"m":[0,0,0],"t":0},"acceleration":0.0,"velocity":0.0,"positionAbsolute":0.0,"positionRelative":0.0,"actorDescription":"TrackLearner power: 50, minStraightDuration: 180, minTurnDuration: 250","power":106,"trackSectionId":0,"tEvent":1447340263182,"tReceived":1447340263182,"tAfterCalculation":1447340263182}
,{"event":{"raceTrackId":"embedded","timeStamp":1447340263222,"a":[0,0,0],"g":[0,0,2880],"m":[0,0,0],"t":0},"acceleration":0.0,"velocity":0.0,"positionAbsolute":0.0,"positionRelative":0.0,"actorDescription":"TrackLearner power: 50, minStraightDuration: 180, minTurnDuration: 250","power":106,"trackSectionId":0,"tEvent":1447340263222,"tReceived":1447340263222,"tAfterCalculation":1447340263222}
,{"event":{"raceTrackId":"embedded","timeStamp":1447340263261,"a":[0,0,0],"g":[0,0,2750],"m":[0,0,0],"t":0},"acceleration":0.0,"velocity":0.0,"positionAbsolute":0.0,"positionRelative":0.0,"actorDescription":"TrackLearner power: 50, minStraightDuration: 180, minTurnDuration: 250","power":106,"trackSectionId":0,"tEvent":1447340263261,"tReceived":1447340263261,"tAfterCalculation":1447340263261}
,{"event":{"raceTrackId":"embedded","timeStamp":1447340263311,"a":[0,0,0],"g":[0,0,4096],"m":[0,0,0],"t":0},"acceleration":0.0,"velocity":0.0,"positionAbsolute":0.0,"positionRelative":0.0,"actorDescription":"TrackLearner power: 50, minStraightDuration: 180, minTurnDuration: 250","power":106,"trackSectionId":0,"tEvent":1447340263311,"tReceived":1447340263311,"tAfterCalculation":1447340263311}
,{"event":{"raceTrackId":"embedded","timeStamp":1447340263352,"a":[0,0,0],"g":[0,0,3742],"m":[0,0,0],"t":0},"acceleration":0.0,"velocity":0.0,"positionAbsolute":0.0,"positionRelative":0.0,"actorDescription":"TrackLearner power: 50, minStraightDuration: 180, minTurnDuration: 250","power":106,"trackSectionId":0,"tEvent":1447340263352,"tReceived":1447340263352,"tAfterCalculation":1447340263352}
,{"event":{"raceTrackId":"embedded","timeStamp":1447340263402,"a":[0,0,0],"g":[0,0,2662],"m":[0,0,0],"t":0},"acceleration":0.0,"velocity":0.0,"positionAbsolute":0.0,"positionRelative":0.0,"actorDescription":"TrackLearner power: 50, minStraightDuration: 180, minTurnDuration: 250","power":106,"trackSectionId":0,"tEvent":1447340263402,"tReceived":1447340263402,"tAfterCalculation":1447340263402}
,{"event":{"raceTrackId":"embedded","timeStamp":1447340263441,"a":[0,0,0],"g":[0,0,3500],"m":[0,0,0],"t":0},"acceleration":0.0,"velocity":0.0,"positionAbsolute":0.0,"positionRelative":0.0,"actorDescription":"TrackLearner power: 50, minStraightDuration: 180, minTurnDuration: 250","power":106,"trackSectionId":0,"tEvent":1447340263441,"tReceived":1447340263441,"tAfterCalculation":1447340263441}
,{"event":{"raceTrackId":"embedded","timeStamp":1447340263481,"a":[0,0,0],"g":[0,0,3312],"m":[0,0,0],"t":0},"acceleration":0.0,"velocity":0.0,"positionAbsolute":0.0,"positionRelative":0.0,"actorDescription":"TrackLearner power: 50, minStraightDuration: 180, minTurnDuration: 250","power":106,"trackSectionId":0,"tEvent":1447340263481,"tReceived":1447340263481,"tAfterCalculation":1447340263481}
,{"event":{"raceTrackId":"embedded","timeStamp":1447340263522,"a":[0,0,0],"g":[0,0,3632],"m":[0,0,0],"t":0},"acceleration":0.0,"velocity":0.0,"positionAbsolute":0.0,"positionRelative":0.0,"actorDescription":"TrackLearner power: 50, minStraightDuration: 180, minTurnDuration: 250","power":106,"trackSectionId":0,"tEvent":1447340263522,"tReceived":1447340263522,"tAfterCalculation":1447340263522}
,{"event":{"raceTrackId":"embedded","timeStamp":1447340263571,"a":[0,0,0],"g":[0,0,2914],"m":[0,0,0],"t":0},"acceleration":0.0,"velocity":0.0,"positionAbsolute":0.0,"positionRelative":0.0,"actorDescription":"TrackLearner power: 50, minStraightDuration: 180, minTurnDuration: 250","power":106,"trackSectionId":0,"tEvent":1447340263571,"tReceived":1447340263571,"tAfterCalculation":1447340263571}
,{"event":{"raceTrackId":"embedded","timeStamp":1447340263612,"a":[0,0,0],"g":[0,0,2743],"m":[0,0,0],"t":0},"acceleration":0.0,"velocity":0.0,"positionAbsolute":0.0,"positionRelative":0.0,"actorDescription":"TrackLearner power: 50, minStraightDuration: 180, minTurnDuration: 250","power":106,"trackSectionId":0,"tEvent":1447340263612,"tReceived":1447340263612,"tAfterCalculation":1447340263612}
,{"event":{"raceTrackId":"embedded","timeStamp":1447340263651,"a":[0,0,0],"g":[0,0,2742],"m":[0,0,0],"t":0},"acceleration":0.0,"velocity":0.0,"positionAbsolute":0.0,"positionRelative":0.0,"actorDescription":"TrackLearner power: 50, minStraightDuration: 180, minTurnDuration: 250","power":106,"trackSectionId":0,"tEvent":1447340263651,"tReceived":1447340263652,"tAfterCalculation":1447340263652}
,{"event":{"raceTrackId":"embedded","timeStamp":1447340263692,"a":[0,0,0],"g":[0,0,2573],"m":[0,0,0],"t":0},"acceleration":0.0,"velocity":0.0,"positionAbsolute":0.0,"positionRelative":0.0,"actorDescription":"TrackLearner power: 50, minStraightDuration: 180, minTurnDuration: 250","power":106,"trackSectionId":0,"tEvent":1447340263692,"tReceived":1447340263692,"tAfterCalculation":1447340263692}
,{"event":{"raceTrackId":"embedded","timeStamp":1447340263742,"a":[0,0,0],"g":[0,0,2857],"m":[0,0,0],"t":0},"acceleration":0.0,"velocity":0.0,"positionAbsolute":0.0,"positionRelative":0.0,"actorDescription":"TrackLearner power: 50, minStraightDuration: 180, minTurnDuration: 250","power":106,"trackSectionId":0,"tEvent":1447340263742,"tReceived":1447340263742,"tAfterCalculation":1447340263742}
,{"event":{"raceTrackId":"embedded","timeStamp":1447340263791,"a":[0,0,0],"g":[0,0,2763],"m":[0,0,0],"t":0},"acceleration":0.0,"velocity":0.0,"positionAbsolute":0.0,"positionRelative":0.0,"actorDescription":"TrackLearner power: 50, minStraightDuration: 180, minTurnDuration: 250","power":106,"trackSectionId":0,"tEvent":1447340263791,"tReceived":1447340263791,"tAfterCalculation":1447340263791}
,{"event":{"raceTrackId":"embedded","timeStamp":1447340263832,"a":[0,0,0],"g":[0,0,2881],"m":[0,0,0],"t":0},"acceleration":0.0,"velocity":0.0,"positionAbsolute":0.0,"positionRelative":0.0,"actorDescription":"TrackLearner power: 50, minStraightDuration: 180, minTurnDuration: 250","power":106,"trackSectionId":0,"tEvent":1447340263832,"tReceived":1447340263833,"tAfterCalculation":1447340263833}
,{"event":{"raceTrackId":"embedded","timeStamp":1447340263871,"a":[0,0,0],"g":[0,0,2745],"m":[0,0,0],"t":0},"acceleration":0.0,"velocity":0.0,"positionAbsolute":0.0,"positionRelative":0.0,"actorDescription":"TrackLearner power: 50, minStraightDuration: 180, minTurnDuration: 250","power":106,"trackSectionId":0,"tEvent":1447340263871,"tReceived":1447340263871,"tAfterCalculation":1447340263871}
,{"event":{"raceTrackId":"embedded","timeStamp":1447340263912,"a":[0,0,0],"g":[0,0,3017],"m":[0,0,0],"t":0},"acceleration":0.0,"velocity":0.0,"positionAbsolute":0.0,"positionRelative":0.0,"actorDescription":"TrackLearner power: 50, minStraightDuration: 180, minTurnDuration: 250","power":106,"trackSectionId":0,"tEvent":1447340263912,"tReceived":1447340263912,"tAfterCalculation":1447340263912}
,{"event":{"raceTrackId":"embedded","timeStamp":1447340263951,"a":[0,0,0],"g":[0,0,1918],"m":[0,0,0],"t":0},"acceleration":0.0,"velocity":0.0,"positionAbsolute":0.0,"positionRelative":0.0,"actorDescription":"TrackLearner power: 50, minStraightDuration: 180, minTurnDuration: 250","power":106,"trackSectionId":0,"tEvent":1447340263951,"tReceived":1447340263951,"tAfterCalculation":1447340263951}
,{"event":{"raceTrackId":"embedded","timeStamp":1447340264001,"a":[0,0,0],"g":[0,0,2741],"m":[0,0,0],"t":0},"acceleration":0.0,"velocity":0.0,"positionAbsolute":0.0,"positionRelative":0.0,"actorDescription":"TrackLearner power: 50, minStraightDuration: 180, minTurnDuration: 250","power":106,"trackSectionId":0,"tEvent":1447340264001,"tReceived":1447340264002,"tAfterCalculation":1447340264002}
,{"event":{"raceTrackId":"embedded","timeStamp":1447340264042,"a":[0,0,0],"g":[0,0,2193],"m":[0,0,0],"t":0},"acceleration":0.0,"velocity":0.0,"positionAbsolute":0.0,"positionRelative":0.0,"actorDescription":"TrackLearner power: 50, minStraightDuration: 180, minTurnDuration: 250","power":106,"trackSectionId":0,"tEvent":1447340264042,"tReceived":1447340264042,"tAfterCalculation":1447340264042}
,{"event":{"raceTrackId":"embedded","timeStamp":1447340264092,"a":[0,0,0],"g":[0,0,2289],"m":[0,0,0],"t":0},"acceleration":0.0,"velocity":0.0,"positionAbsolute":0.0,"positionRelative":0.0,"actorDescription":"TrackLearner power: 50, minStraightDuration: 180, minTurnDuration: 250","power":106,"trackSectionId":0,"tEvent":1447340264092,"tReceived":1447340264092,"tAfterCalculation":1447340264092}
,{"event":{"raceTrackId":"embedded","timeStamp":1447340264121,"a":[0,0,0],"g":[0,0,2585],"m":[0,0,0],"t":0},"acceleration":0.0,"velocity":0.0,"positionAbsolute":0.0,"positionRelative":0.0,"actorDescription":"TrackLearner power: 50, minStraightDuration: 180, minTurnDuration: 250","power":106,"trackSectionId":0,"tEvent":1447340264121,"tReceived":1447340264122,"tAfterCalculation":1447340264122}
,{"event":{"raceTrackId":"embedded","timeStamp":1447340264172,"a":[0,0,0],"g":[0,0,1556],"m":[0,0,0],"t":0},"acceleration":0.0,"velocity":0.0,"positionAbsolute":0.0,"positionRelative":0.0,"actorDescription":"TrackLearner power: 50, minStraightDuration: 180, minTurnDuration: 250","power":106,"trackSectionId":0,"tEvent":1447340264172,"tReceived":1447340264172,"tAfterCalculation":1447340264172}
,{"event":{"raceTrackId":"embedded","timeStamp":1447340264212,"a":[0,0,0],"g":[0,0,2319],"m":[0,0,0],"t":0},"acceleration":0.0,"velocity":0.0,"positionAbsolute":0.0,"positionRelative":0.0,"actorDescription":"TrackLearner power: 50, minStraightDuration: 180, minTurnDuration: 250","power":106,"trackSectionId":0,"tEvent":1447340264212,"tReceived":1447340264212,"tAfterCalculation":1447340264212}
,{"event":{"raceTrackId":"embedded","timeStamp":1447340264252,"a":[0,0,0],"g":[0,0,2334],"m":[0,0,0],"t":0},"acceleration":0.0,"velocity":0.0,"positionAbsolute":0.0,"positionRelative":0.0,"actorDescription":"TrackLearner power: 50, minStraightDuration: 180, minTurnDuration: 250","power":106,"trackSectionId":0,"tEvent":1447340264252,"tReceived":1447340264252,"tAfterCalculation":1447340264252}
,{"event":{"raceTrackId":"embedded","timeStamp":1447340264292,"a":[0,0,0],"g":[0,0,2045],"m":[0,0,0],"t":0},"acceleration":0.0,"velocity":0.0,"positionAbsolute":0.0,"positionRelative":0.0,"actorDescription":"TrackLearner power: 50, minStraightDuration: 180, minTurnDuration: 250","power":106,"trackSectionId":0,"tEvent":1447340264292,"tReceived":1447340264292,"tAfterCalculation":1447340264292}
,{"event":{"raceTrackId":"embedded","timeStamp":1447340264331,"a":[0,0,0],"g":[0,0,2193],"m":[0,0,0],"t":0},"acceleration":0.0,"velocity":0.0,"positionAbsolute":0.0,"positionRelative":0.0,"actorDescription":"TrackLearner power: 50, minStraightDuration: 180, minTurnDuration: 250","power":106,"trackSectionId":0,"tEvent":1447340264331,"tReceived":1447340264332,"tAfterCalculation":1447340264332}
,{"event":{"raceTrackId":"embedded","timeStamp":1447340264382,"a":[0,0,0],"g":[0,0,2931],"m":[0,0,0],"t":0},"acceleration":0.0,"velocity":0.0,"positionAbsolute":0.0,"positionRelative":0.0,"actorDescription":"TrackLearner power: 50, minStraightDuration: 180, minTurnDuration: 250","power":106,"trackSectionId":0,"tEvent":1447340264382,"tReceived":1447340264382,"tAfterCalculation":1447340264382}
,{"event":{"raceTrackId":"embedded","timeStamp":1447340264421,"a":[0,0,0],"g":[0,0,1438],"m":[0,0,0],"t":0},"acceleration":0.0,"velocity":0.0,"positionAbsolute":0.0,"positionRelative":0.0,"actorDescription":"TrackLearner power: 50, minStraightDuration: 180, minTurnDuration: 250","power":106,"trackSectionId":0,"tEvent":1447340264421,"tReceived":1447340264421,"tAfterCalculation":1447340264421}
,{"event":{"raceTrackId":"embedded","timeStamp":1447340264461,"a":[0,0,0],"g":[0,0,2782],"m":[0,0,0],"t":0},"acceleration":0.0,"velocity":0.0,"positionAbsolute":0.0,"positionRelative":0.0,"actorDescription":"TrackLearner power: 50, minStraightDuration: 180, minTurnDuration: 250","power":106,"trackSectionId":0,"tEvent":1447340264461,"tReceived":1447340264461,"tAfterCalculation":1447340264461}
,{"event":{"raceTrackId":"embedded","timeStamp":1447340264502,"a":[0,0,0],"g":[0,0,1754],"m":[0,0,0],"t":0},"acceleration":0.0,"velocity":0.0,"positionAbsolute":0.0,"positionRelative":0.0,"actorDescription":"TrackLearner power: 50, minStraightDuration: 180, minTurnDuration: 250","power":106,"trackSectionId":0,"tEvent":1447340264502,"tReceived":1447340264502,"tAfterCalculation":1447340264502}
,{"event":{"raceTrackId":"embedded","timeStamp":1447340264551,"a":[0,0,0],"g":[0,0,2019],"m":[0,0,0],"t":0},"acceleration":0.0,"velocity":0.0,"positionAbsolute":0.0,"positionRelative":0.0,"actorDescription":"TrackLearner power: 50, minStraightDuration: 180, minTurnDuration: 250","power":106,"trackSectionId":0,"tEvent":1447340264551,"tReceived":1447340264551,"tAfterCalculation":1447340264551}
,{"event":{"raceTrackId":"embedded","timeStamp":1447340264592,"a":[0,0,0],"g":[0,0,1704],"m":[0,0,0],"t":0},"acceleration":0.0,"velocity":0.0,"positionAbsolute":0.0,"positionRelative":0.0,"actorDescription":"TrackLearner power: 50, minStraightDuration: 180, minTurnDuration: 250","power":106,"trackSectionId":0,"tEvent":1447340264592,"tReceived":1447340264592,"tAfterCalculation":1447340264592}
,{"event":{"raceTrackId":"embedded","timeStamp":1447340264642,"a":[0,0,0],"g":[0,0,1089],"m":[0,0,0],"t":0},"acceleration":0.0,"velocity":0.0,"positionAbsolute":0.0,"positionRelative":0.0,"actorDescription":"TrackLearner power: 50, minStraightDuration: 180, minTurnDuration: 250","power":106,"trackSectionId":0,"tEvent":1447340264642,"tReceived":1447340264642,"tAfterCalculation":1447340264642}
,{"event":{"raceTrackId":"embedded","timeStamp":1447340264681,"a":[0,0,0],"g":[0,0,1238],"m":[0,0,0],"t":0},"acceleration":0.0,"velocity":0.0,"positionAbsolute":0.0,"positionRelative":0.0,"actorDescription":"TrackLearner power: 50, minStraightDuration: 180, minTurnDuration: 250","power":106,"trackSectionId":0,"tEvent":1447340264681,"tReceived":1447340264682,"tAfterCalculation":1447340264682}
,{"event":{"raceTrackId":"embedded","timeStamp":1447340264722,"a":[0,0,0],"g":[0,0,730],"m":[0,0,0],"t":0},"acceleration":0.0,"velocity":0.0,"positionAbsolute":0.0,"positionRelative":0.0,"actorDescription":"TrackLearner power: 50, minStraightDuration: 180, minTurnDuration: 250","power":106,"trackSectionId":0,"tEvent":1447340264722,"tReceived":1447340264722,"tAfterCalculation":1447340264722}
,{"event":{"raceTrackId":"embedded","timeStamp":1447340264762,"a":[0,0,0],"g":[0,0,501],"m":[0,0,0],"t":0},"acceleration":0.0,"velocity":0.0,"positionAbsolute":0.0,"positionRelative":0.0,"actorDescription":"TrackLearner power: 50, minStraightDuration: 180, minTurnDuration: 250","power":106,"trackSectionId":0,"tEvent":1447340264762,"tReceived":1447340264762,"tAfterCalculation":1447340264762}
,{"event":{"raceTrackId":"embedded","timeStamp":1447340264802,"a":[0,0,0],"g":[0,0,76],"m":[0,0,0],"t":0},"acceleration":0.0,"velocity":0.0,"positionAbsolute":0.0,"positionRelative":0.0,"actorDescription":"TrackLearner power: 50, minStraightDuration: 180, minTurnDuration: 250","power":106,"trackSectionId":0,"tEvent":1447340264802,"tReceived":1447340264802,"tAfterCalculation":1447340264802}
,{"event":{"raceTrackId":"embedded","timeStamp":1447340264852,"a":[0,0,0],"g":[0,0,116],"m":[0,0,0],"t":0},"acceleration":0.0,"velocity":0.0,"positionAbsolute":0.0,"positionRelative":0.0,"actorDescription":"TrackLearner power: 50, minStraightDuration: 180, minTurnDuration: 250","power":106,"trackSectionId":0,"tEvent":1447340264852,"tReceived":1447340264853,"tAfterCalculation":1447340264853}
,{"event":{"raceTrackId":"embedded","timeStamp":1447340264902,"a":[0,0,0],"g":[0,0,420],"m":[0,0,0],"t":0},"acceleration":0.0,"velocity":0.0,"positionAbsolute":0.0,"positionRelative":0.0,"actorDescription":"TrackLearner power: 50, minStraightDuration: 180, minTurnDuration: 250","power":106,"trackSectionId":0,"tEvent":1447340264902,"tReceived":1447340264902,"tAfterCalculation":1447340264902}
,{"event":{"raceTrackId":"embedded","timeStamp":1447340264941,"a":[0,0,0],"g":[0,0,196],"m":[0,0,0],"t":0},"acceleration":0.0,"velocity":0.0,"positionAbsolute":0.0,"positionRelative":0.0,"actorDescription":"TrackLearner power: 50, minStraightDuration: 180, minTurnDuration: 250","power":106,"trackSectionId":0,"tEvent":1447340264941,"tReceived":1447340264941,"tAfterCalculation":1447340264941}
,{"event":{"raceTrackId":"embedded","timeStamp":1447340264982,"a":[0,0,0],"g":[0,0,-58],"m":[0,0,0],"t":0},"acceleration":0.0,"velocity":0.0,"positionAbsolute":0.0,"positionRelative":0.0,"actorDescription":"TrackLearner power: 50, minStraightDuration: 180, minTurnDuration: 250","power":106,"trackSectionId":0,"tEvent":1447340264982,"tReceived":1447340264982,"tAfterCalculation":1447340264982}
,{"event":{"raceTrackId":"embedded","timeStamp":1447340265031,"a":[0,0,0],"g":[0,0,63],"m":[0,0,0],"t":0},"acceleration":0.0,"velocity":0.0,"positionAbsolute":0.0,"positionRelative":0.0,"actorDescription":"TrackLearner power: 50, minStraightDuration: 180, minTurnDuration: 250","power":106,"trackSectionId":0,"tEvent":1447340265031,"tReceived":1447340265031,"tAfterCalculation":1447340265031}
,{"event":{"raceTrackId":"embedded","timeStamp":1447340265071,"a":[0,0,0],"g":[0,0,129],"m":[0,0,0],"t":0},"acceleration":0.0,"velocity":0.0,"positionAbsolute":0.0,"positionRelative":0.0,"actorDescription":"TrackLearner power: 50, minStraightDuration: 180, minTurnDuration: 250","power":106,"trackSectionId":0,"tEvent":1447340265071,"tReceived":1447340265071,"tAfterCalculation":1447340265071}
,{"event":{"raceTrackId":"embedded","timeStamp":1447340265131,"a":[0,0,0],"g":[0,0,-9],"m":[0,0,0],"t":0},"acceleration":0.0,"velocity":0.0,"positionAbsolute":0.0,"positionRelative":0.0,"actorDescription":"TrackLearner power: 50, minStraightDuration: 180, minTurnDuration: 250","power":106,"trackSectionId":0,"tEvent":1447340265131,"tReceived":1447340265131,"tAfterCalculation":1447340265131}
,{"event":{"raceTrackId":"embedded","timeStamp":1447340265182,"a":[0,0,0],"g":[0,0,-144],"m":[0,0,0],"t":0},"acceleration":0.0,"velocity":0.0,"positionAbsolute":0.0,"positionRelative":0.0,"actorDescription":"TrackLearner power: 50, minStraightDuration: 180, minTurnDuration: 250","power":106,"trackSectionId":0,"tEvent":1447340265182,"tReceived":1447340265182,"tAfterCalculation":1447340265182}
,{"event":{"raceTrackId":"embedded","timeStamp":1447340265232,"a":[0,0,0],"g":[0,0,3],"m":[0,0,0],"t":0},"acceleration":0.0,"velocity":0.0,"positionAbsolute":0.0,"positionRelative":0.0,"actorDescription":"TrackLearner power: 50, minStraightDuration: 180, minTurnDuration: 250","power":106,"trackSectionId":0,"tEvent":1447340265232,"tReceived":1447340265232,"tAfterCalculation":1447340265232}
